3276 5482
741 398 899 458 ..33-

243 533 368 598 quoque
386 513 567 598 saepissime
583 519 767 599 usurpatur.
785 515 822 578 In
835 513 962 598 gothica
983 519 1089 578 autem
1106 510 1215 600 lingua
1235 531 1253 578 s
1272 510 1388 589 media,

242 632 339 696 quum
352 609 469 677 radicis
482 630 559 697 pars
570 616 629 688 est,
647 611 730 677 inter
743 610 870 678 vocales
885 610 1069 696 plerumque
1082 612 1250 677 immutata
1267 615 1392 696 perstat

241 710 294 775 vel
307 711 412 776 rarius
433 711 670 788 inmutetur,
685 715 721 775 ut
737 730 745 774 :

398 808 508 873 callus
533 806 670 894 (asinus)
917 812 948 871 et
978 811 1074 871 czets
1104 803 1236 892 (facilis)

398 906 508 972 lasivs
530 905 667 993 (debilis)
974 903 1120 970 hazeins
1136 901 1243 990 (laus),
1261 907 1321 968 etc.

241 1024 406 1091 nunquam
419 1023 497 1070 vero
511 1004 545 1069 in
561 1022 582 1067 r
596 1003 741 1069 vertitur.
759 1002 862 1089 Igitur
874 1002 908 1067 in
923 1002 984 1066 hoc
996 999 1144 1067 idiomate
1162 1020 1179 1066 s
1198 1006 1230 1065 et
1243 1019 1264 1064 r
1277 998 1392 1087 primi-

242 1103 338 1181 tivae,
371 1121 449 1187 quas
472 1107 615 1167 caeterae
635 1100 759 1167 dialecti
779 1101 962 1187 frequenter
985 1101 1129 1177 miscent,
1154 1098 1248 1184 plane
1269 1097 1393 1164 discer-

241 1206 375 1280 nuntur,
392 1206 454 1266 ut:

396 1315 506 1365 crans
521 1296 658 1384 (messis)
853 1298 950 1384 juxta
970 1315 1083 1363 arans
1099 1294 1250 1383 (aquilae)

392 1395 471 1462 basi
486 1393 612 1481 (bacca)
970 1393 1069 1460 daris
1085 1389 1263 1478 (hordeum)

395 1493 505 1578 yazds
519 1490 657 1578 (κέντρον)
971 1492 1084 1576 ρανιίε
1101 1486 1204 1577 (οἶκος)

396 1589 462 1656 kas
479 1588 563 1677 (vas)
971 1587 1064 1653 kara
1079 1587 1183 1675 (cura)

395 1687 520 1753 reiscn
533 1684 702 1777 (excitare)
971 1685 1098 1750 reiran
1114 1684 1277 1770 (tremere)

397 1786 526 1868 vcsjcn
539 1785 691 1874 (vestire)
971 1783 1105 1866 variae
1120 1778 1310 1871 (impedire),
1326 1788 1387 1849 etc.

242 1883 392 1949 Attamen
415 1883 449 1946 in
471 1883 654 1969 compositis
671 1884 706 1948 in
729 1882 843 1970 quibus
862 1903 879 1949 s
901 1887 1079 1949 extremam
1101 1902 1120 1948 r
1143 1882 1298 1970 sequitur,
1318 1882 1393 1948 huic

241 1980 398 2047 tremulae
411 2001 428 2046 r
443 1979 637 2066 praecedens
652 1982 859 2059 assimilatur,
875 1988 912 2047 ut
929 2002 936 2046 :

397 2081 580 2145 ur-re‘dan
594 2077 763 2166 (judicare)
891 2097 949 2166 pro
970 2077 1127 2143 us-redan

394 2176 583 2243 atr-reisue
599 2174 758 2265 (surgere)
973 2176 1135 2241 us-reisan

397 2275 601 2341 ter-rinnau
616 2273 733 2362 (exire)
972 2275 1159 2350 us-rinnan,
1177 2277 1237 2336 etc.

285 2371 367 2438 Dum
381 2371 415 2436 in
428 2372 555 2458 gothica
568 2370 677 2459 lingua
691 2390 708 2439 s
720 2371 839 2438 radicis
853 2373 897 2437 ita
912 2377 1033 2456 perstat
1046 2369 1100 2436 vel
1116 2387 1346 2454 nonnunquam
1360 2369 1394 2436 in

240 2491 260 2537 z
273 2472 402 2549 transit,
420 2471 453 2535 in
468 2470 604 2535 caeteris
618 2472 811 2556 germanicis
822 2470 965 2537 dialectis
979 2490 1017 2535 ea
1032 2475 1154 2555 perstat
1167 2467 1220 2534 vel
1233 2468 1267 2534 in
1281 2488 1302 2533 r
1315 2489 1395 2535 ver-

241 2571 321 2635 titur
335 2567 360 2634 ¹.
376 2569 415 2633 In
427 2568 535 2634 multis
547 2575 655 2634 tamen
670 2570 806 2635 verbiss
821 2568 987 2639 immutata
1001 2574 1121 2645 manet,
1139 2573 1174 2633 ut
1191 2587 1198 2632 :

311 2672 377 2751 got.
514 2670 593 2731 teut.
705 2685 777 2731 sax.
879 2685 971 2751 angs.
1089 2664 1128 2730 ir.
1247 2684 1319 2731 nor.

315 2765 392 2849 acis
509 2765 610 2849 eyisc
701 2764 798 2849 egrico
876 2783 979 2850 caesa
1087 2807 1129 2822 ..
1264 2798 1308 2812 -

314 2861 426 2928 ceilam
512 2862 579 2927 erit
704 2861 767 2928 erit
877 2862 949 2927 eset
1087 2897 1129 2909 -
1250 2861 1331 2927 asni

315 2958 438 3025 aleran
507 2959 640 3043 pteram
717 2993 762 3008 -
899 2993 940 3007 -
1061 2957 1161 3024 blara
1250 2956 1352 3024 blara

316 3055 482 3143 (barisan)
511 3056 647 3122 drasam
719 3091 762 3106 -
899 3091 943 3105 -
1085 3091 1128 3105 -
1249 3054 1359 3122 brusa

314 3152 464 3218 dutusan
511 3153 664 3219 dreosart
704 3153 850 3219 driosan
877 3153 1031 3220 dreo'san
1084 3187 1129 3202 -
1276 3188 1320 3203 —

314 3249 461 3335 friusan
509 3250 660 3332 freosan
700 3252 848 3334 freoscn
875 3251 1022 3334 fredscn
1083 3286 1125 3301 —
1243 3249 1362 3334 fm'dsa

365 3382 410 3397 —
513 3348 614 3414 dasal
758 3385 799 3397 -
879 3348 977 3413 ddsel
1085 3384 1128 3398 -
1271 3383 1315 3399 -

314 3444 442 3511 Musae
511 3444 643 3529 kjo'sca
702 3445 826 3511 ciosum
875 3445 1002 3511 ccdran
1057 3445 1163 3511 kirica
1246 3445 1349 3529 &aaa

314 3542 459 3627 lausjan
513 3541 633 3623 laisjan
702 3541 818 3607 lucian
877 3543 979 3626 tyran
1057 3543 1132 3609 le‘sa
1248 3545 1345 3629 lcysa

312 3641 403 3707 lisca
511 3637 612 3707 ld'saa
702 3640 803 3706 lesan
878 3641 978 3706 tesan
1059 3641 1133 3707 lesa
1250 3641 1324 3707 lesa

241 3740 299 3806 lat.
313 3758 421 3806 ausus
511 3757 602 3805 nasa
702 3757 793 3803 nasu
877 3757 961 3805 cose
1080 3784 1121 3798 -.
1248 3738 1314 3805 adt

314 3835 435 3902 aaran
513 3844 618 3903 risam
705 3832 860 3922 (d)risan
879 3836 981 3900 rmum
1059 3835 1162 3901 risun
1245 3843 1325 3902 risa

313 3933 471 4015 parandi
516 3935 651 4002 dtisuat
704 3935 849 4015 perunit
879 3935 1017 4015 rasead
1060 3934 1199 4014 perena
1249 3935 1394 4015 rasead

278 4227 299 4278 1.
318 4224 354 4276 Gt.
370 4223 487 4285 Grimm,
506 4225 638 4276 Deatscle
654 4225 828 4286 Grarnmattk,
850 4224 888 4289 12,
905 4227 944 4291 52,
959 4228 999 4290 99,
1018 4227 1070 4290 137,
1088 4227 1140 4288 175,
1158 4227 1210 4285 182,
1228 4228 1282 4279 ete.
1302 4252 1331 4262 —
1353 4226 1394 4280 ld.

245 4303 455 4356 Gaetulicam
468 4303 612 4356 deutschen
624 4303 752 4368 sprccte,
771 4303 805 4367 12,
823 4304 879 4357 tto·
899 4332 931 4343 -
944 4304 1051 4366 Uillius.
1065 4319 1094 4361 v.
1107 4304 1141 4358 u.
1154 4304 1262 4370 seyne,
1278 4305 1394 4370 passim.

251 4413 277 4422 -
298 4384 341 4435 W.
362 4382 576 4449 Wackernagel,
597 4383 777 4435 tltdeutsctier
801 4385 942 4447 amital,
965 4384 1080 4452 passim.
1101 4413 1132 4426 -
1153 4384 1187 4439 ll.
1207 4383 1316 4450 siege,
1337 4385 1391 4437 Alt-

247 4463 418 4517 sacchrtscltcr
426 4463 567 4524 haemmi,
579 4464 728 4529 passim·
739 4463 780 4516 Fr.
791 4463 912 4528 Pleiffer,
923 4465 1115 4519 Altuordtscltes
1125 4465 1263 4529 macca,
1274 4464 1392 4532 passim.

248 4573 277 4585 -
291 4545 305 4600 J
309 4582 314 4595 .
328 4543 451 4611 Zupitza,
466 4543 651 4610 Alienati-relies
665 4542 803 4607 meluch,
819 4544 933 4612 passim.
