3276 5482
745 431 903 488 ..52-

249 543 386 631 pdbren
399 543 502 609 solum
521 544 553 607 in
568 544 744 608 recentiore
757 541 868 626 lingua
881 545 1007 608 mansit.
1028 541 1148 608 Contra
1163 543 1295 619 diesen,
1311 543 1395 628 quod

211 698 213 700 ,
251 641 453 707 discernere
466 638 635 726 significat,
643 638 736 725 juxta
750 638 865 704 kiiren
879 637 1032 727 (eligere),
1046 639 1181 724 itemque
1193 639 1396 727 (pel-neuen

252 734 402 823 (servari)
415 736 509 824 juxta
522 736 659 802 aduren
675 734 824 822 (nutrire)
839 735 1117 823 perstitit-Non
1131 735 1225 801 ahter
1239 738 1272 801 in
1285 743 1396 802 vetus-

252 836 332 902 tiore
354 835 514 900 teutonica
537 833 671 899 dialecto
692 835 850 919 reperitur
870 839 950 900 tror
965 832 1079 922 (stilla)
1101 839 1134 899 et
1153 837 1280 899 trciren
1297 831 1396 920 (moe-

251 930 348 1017 rere),
363 931 457 1018 juxta
474 937 549 997 tros
563 938 594 997 et
610 933 762 1009 tritarum,
776 938 871 1017 atque
881 938 922 997 ἐν
933 932 1012 1018 (aes)
1019 933 1114 1019 juxta
1124 933 1226 997 isorn
1234 930 1391 1019 (terrum).

251 1065 295 1079 -
309 1027 370 1094 Sed
384 1030 417 1093 in
431 1029 537 1094 verbis
551 1030 646 1094 lesen
661 1034 692 1093 et
707 1049 862 1114 genesen
882 1037 1006 1096 veteres
1028 1030 1160 1110 formae,
1183 1031 1216 1094 in
1237 1028 1350 1113 quibus
1373 1052 1394 1095 r

251 1126 481 1212 reperiebatur,
508 1124 676 1191 derelictae
699 1132 775 1192 sunt
797 1133 891 1212 atque
912 1148 930 1192 s
949 1128 982 1193 in
1004 1128 1127 1194 cunctis
1146 1126 1341 1211 temporibus
1362 1132 1394 1193 et

251 1225 396 1310 personis
409 1231 602 1307 usurpatur;
627 1225 833 1309 sequentique
846 1225 938 1291 modo
951 1223 1030 1291 haec
1044 1225 1142 1290 verba
1156 1223 1367 1311 conjugantur
1382 1246 1389 1290 :

400 1322 488 1387 lesen
762 1321 810 1388 las
1079 1322 1206 1409 gelesen

404 1438 562 1504 ge-nesen
760 1439 877 1506 ge-nes
1077 1439 1246 1505 ge-nesen.

293 1517 373 1583 ltem
395 1517 427 1584 in
449 1516 606 1582 infinitivo
625 1536 740 1582 wesen
763 1524 858 1602 atque
878 1519 912 1582 in
934 1518 1110 1604 participiis
1131 1518 1271 1584 wesertd
1284 1523 1317 1583 et
1331 1537 1395 1605 pe-

250 1633 377 1693 toesen,
397 1615 479 1680 sieut
497 1617 530 1680 in
550 1633 731 1682 verwesen
754 1613 953 1702 (corrumpi),
978 1635 995 1682 s
1015 1623 1146 1700 perstat.
1172 1615 1241 1680 Hoc
1260 1615 1393 1681 verbum

249 1731 373 1798 quoque
395 1712 429 1776 in
451 1713 626 1778 vetustiore
648 1711 815 1798 mediaque
837 1712 998 1779 teutonica
1023 1712 1157 1780 dialecto
1179 1732 1197 1780 s
1220 1712 1389 1792 servabat3

250 1809 295 1873 sio
309 1810 393 1874 enim
407 1809 640 1896 conjugabatur
656 1831 663 1875 :

250 1910 311 1971 vt.
341 1906 513 1984 farwdsan,
531 1907 662 1985 tarwas,
679 1907 822 1987 feruzisi,
839 1908 970 1984 tarwas,
987 1909 1209 1987 sarwasumes,
1232 1908 1393 1977 farwdsan

249 2009 319 2070 mi.
337 2005 513 2081 verwiisen,
524 2024 664 2083 verwas‚
676 2024 835 2084 verwase,
846 2026 985 2085 verwas‚
996 2005 1389 2082 verwasen,verwesen¹.

293 2102 332 2167 ln
346 2104 520 2168 vetustiore
531 2105 684 2169 saxonica
698 2102 808 2189 lingua
820 2123 839 2169 s
851 2103 947 2170 etiam
961 2111 1084 2189 perstat
1097 2107 1131 2171 in
1143 2105 1251 2170 verbis

335 2200 470 2285 gin'esan
484 2197 636 2286 (servari)
726 2201 818 2287 ginas
909 2202 1047 2288 ginasun
1143 2201 1273 2288 ginesen

250 2330 290 2344 -
303 2296 397 2383 juxta
412 2296 537 2382 quidem
549 2297 718 2384 pinerioo
735 2295 906 2387 (servare),
923 2335 967 2349 -

335 2394 428 2460 lesan
442 2392 575 2482 (legere)
728 2394 776 2460 las
912 2397 1007 2462 lasun
1148 2395 1235 2462 lesen

291 2511 294 2514 ’
335 2497 425 2558 risan
439 2488 609 2580 (decidere)
729 2499 782 2559 res
914 2494 1004 2560 risun
1146 2493 1243 2560 risen.

291 2589 376 2655 Idem
401 2591 435 2654 in
463 2590 714 2675 anglosaxonica
740 2589 875 2658 dialecto
901 2592 1079 2677 repetitum
1115 2591 1170 2657 sed
1204 2610 1221 2656 e
1255 2590 1391 2656 dirersis

248 2687 354 2752 verbis
369 2688 496 2774 quaein
510 2687 571 2753 boc
585 2686 732 2753 idiomate
746 2707 763 2754 s
778 2688 812 2752 in
827 2708 848 2753 r
862 2695 1040 2768 mutarunt,
1069 2695 1105 2754 ut
1132 2693 1256 2754 tuesun
1285 2685 1392 2774 (velli-

248 2782 347 2872 care),
373 2791 490 2851 uteut.
524 2786 661 2865 rosan,
692 2792 802 2853 nteut.
836 2806 985 2866 zousen,
1018 2807 1093 2873 ang.
1128 2791 1237 2865 teose,
1271 2787 1389 2864 omnia,

247 2885 433 2965 sorleasoo
447 2890 592 2971 excepto,
609 2883 769 2970 gradatim
781 2887 815 2950 in
826 2885 953 2952 litterae
967 2908 988 2951 r
1001 2886 1133 2952 locums
1146 2884 1388 2951 substituerunt.

247 2979 420 3065 Reperitur
437 2980 542 3046 adhuc
561 2982 595 3046 in
616 2981 779 3067 Layamon
799 3002 911 3049 curere
935 2989 966 3049 et
987 2983 1120 3063 icoren,
1145 2982 1274 3058 iloreo,
1298 2982 1392 3048 simul

247 3082 353 3143 autem
377 3078 528 3156 tedesco,
554 3078 685 3158 ilosed3
710 3079 787 3145 Orm
801 3101 924 3166 quoque
937 3081 1054 3148 formas
1071 3079 1274 3163 bifrorenn,
1289 3082 1391 3165 forr-

248 3175 377 3241 lurerm
391 3183 422 3241 et
434 3176 621 3262 furrloreo
635 3173 736 3243 offert.
755 3176 816 3244 Sed
829 3180 894 3266 jam
910 3178 944 3243 in
958 3179 1131 3243 vetustiore
1142 3177 1268 3263 anglica
1281 3176 1390 3264 lingua

247 3291 269 3336 r
290 3273 322 3337 in
344 3275 516 3359 praeterito
536 3275 672 3352 effluxit,
698 3282 792 3361 atque
812 3281 937 3342 tantum
951 3275 983 3339 in
997 3276 1164 3362 participio
1177 3281 1311 3361 perstat,
1327 3283 1387 3341 ut:

246 3388 375 3454 ycoro,
404 3372 501 3446 tora,
528 3371 648 3454 ifrore
669 3370 765 3457 juxta
790 3372 915 3458 quidem
938 3374 1050 3457 frose.
1079 3373 1117 3438 ln
1139 3372 1240 3437 media
1262 3372 1392 3458 anglica

247 3465 411 3535 dialectos
426 3468 576 3534 inlocum
598 3489 620 3534 r
642 3470 676 3534 in
696 3471 874 3556 participiis
886 3471 953 3556 jam
968 3470 1184 3548 substituitur,
1202 3477 1237 3534 ut
1250 3469 1388 3548 eboreo,

247 3564 326 3643 lost,
344 3564 440 3650 juxta
464 3568 574 3631 torae.
600 3567 638 3632 ln
657 3568 835 3634 recentiore
849 3574 955 3634 autem
969 3567 1094 3653 anglica
1108 3567 1252 3652 linguar
1265 3572 1390 3634 tantum

247 3660 281 3725 in
307 3662 473 3748 participio
500 3664 646 3747 forlorn
677 3664 767 3730 verbi
797 3664 981 3730 vetustioris
1010 3664 1188 3749 fortiosoo
1217 3666 1387 3750 reperitur,

246 3757 362 3844 ubique
376 3760 409 3824 in
423 3761 557 3828 caeteris
570 3761 677 3827 verbis
691 3762 724 3827 in
737 3782 755 3829 s
770 3764 822 3829 vel
835 3785 857 3829 z
870 3763 1011 3842 transiit,
1028 3769 1064 3827 ut
1080 3782 1087 3827 :
1112 3763 1224 3842 ebriae,
1241 3763 1388 3840 chocem

246 3857 329 3936 lose,
358 3859 443 3936 lost;
470 3861 584 3944 frore,
610 3858 774 3945 frozen2.
800 3863 953 3929 Attamen
977 3863 1052 3926 rin
1073 3861 1231 3949 adjectivo
1254 3862 1391 3946 dreary

246 3954 315 4020 sive
328 3956 441 4021 dreor
455 3954 581 4044 (tristis)
593 3959 742 4043 perstitit,
768 3964 863 4044 atque
879 3978 897 4025 s
916 3958 1006 4025 verbi
1020 3960 1124 4026 risun
1139 3957 1299 4048 (surgere)
1320 3958 1354 4023 in
1368 3977 1390 4022 r

246 4053 373 4118 transiit
387 4052 421 4117 in
435 4073 521 4119 reor
534 4051 684 4144 (tollere),
703 4092 744 4105 -
759 4077 867 4144 angs.
884 4077 1032 4124 raeroo.

276 4235 297 4287 t.
316 4236 351 4288 Gt.
368 4236 486 4300 urimm,
504 4238 652 4291 Gesebteltte
666 4240 713 4292 der
725 4239 1052 4306 commonentem,
1069 4242 1125 4294 218.
1143 4269 1172 4279 -
1196 4241 1235 4294 ld.
1261 4241 1393 4296 wabrie

245 4318 421 4378 Grammattlc,
447 4319 483 4382 1²,
507 4319 537 4370 99
559 4323 589 4372 et
609 4318 659 4383 11²,
683 4321 737 4372 784.
760 4348 790 4358 -
812 4321 973 4388 Westphal,
997 4322 1160 4374 Grammottt
1183 4323 1230 4376 der
1251 4322 1393 4376 deubebcn

246 4397 742 4536 Spialtlrec'hllllttstortacbedrommuttb
752 4480 799 4533 der
807 4479 954 4549 erapltrcben
963 4482 1089 4548 spraebe,
1100 4483 1121 4547 l,
1133 4483 1186 4538 107.
1194 4510 1224 4522 -
1233 4482 1256 4537 J.
1269 4481 1390 4552 Zupitztt,

246 4555 433 4620 Atteaqttacbes
447 4557 643 4623 Uebuaqsbucb,
658 4557 773 4626 passim.
879 4584 880 4587 ¹
