3276 5482
820 359 979 416 ..qq-

324 478 427 562 potest
446 472 506 537 has
523 470 603 537 duas
623 489 772 536 sonorum
788 467 1030 555 depravationes
1044 469 1153 537 eodem
1167 476 1305 556 tempore
1318 470 1352 536 in
1365 476 1476 537 teuto-

325 573 397 639 nica
412 571 524 656 lingua
545 568 729 646 obtinuisse,
754 572 812 635 aut
833 568 946 635 saltem
967 569 1195 637 rhotacismum
1215 568 1269 634 illa
1286 588 1352 635 non
1365 576 1477 656 poste-

326 670 441 734 riorem
455 668 567 746 fuisse;
576 702 620 717 -
630 686 711 751 quae
723 667 907 753 conjectura
919 667 995 733 mihi
1005 668 1102 734 etiam
1114 668 1174 733 hoc
1188 667 1317 752 probari
1330 666 1474 745 videtur,

325 765 421 853 quod,
438 787 534 852 quum
547 785 564 832 s
579 769 655 830 ante
670 763 798 830 surdam
815 785 937 850 semper
955 771 1086 851 perstet,
1107 783 1127 830 z
1145 760 1189 850 (s)
1206 766 1240 829 in
1252 763 1478 850 conjunctione

325 865 371 930 zd
385 864 448 928 inr
461 882 525 928 non
540 861 693 948 potuisset
710 862 859 939 transire,
876 863 903 928 si
918 865 988 930 din
1002 869 1015 930 t
1027 862 1096 948 jam
1110 867 1233 927 mutata
1245 860 1363 927 fuisset.
1381 861 1477 929 -Si

325 967 432 1027 autem
446 959 597 1046 gallicum
612 959 802 1024 vocabulum
816 979 946 1027 roseco
966 958 1127 1047 (arundo),
1151 980 1201 1045 pr.
1224 961 1350 1026 rauzel
1364 981 1382 1026 e
1394 978 1476 1047 ger-

326 1058 449 1122 manico
467 1075 555 1122 raus
577 1054 712 1134 derives,
733 1076 791 1121 nec
814 1057 884 1144 ejus
902 1059 1067 1145 originem,
1086 1056 1170 1143 quod
1184 1063 1343 1123 caeterum
1357 1076 1474 1144 parum

326 1156 497 1222 verisimile
510 1161 570 1234 est,
586 1152 725 1220 eceltica
739 1154 848 1241 lingua
861 1156 973 1237 ducas,
989 1177 1007 1224 s
1021 1157 1137 1234 littera,
1154 1191 1198 1205 -
1211 1175 1293 1241 quae
1311 1157 1344 1221 in
1364 1161 1475 1222 teuto-

326 1254 399 1319 nico
413 1274 476 1321 ror
489 1255 523 1318 in
536 1273 557 1316 r
572 1251 709 1327 transiit,
728 1288 770 1301 -
785 1254 819 1317 in
833 1253 886 1319 illa
901 1275 979 1320 voce
995 1261 1123 1321 servata
1143 1252 1332 1330 ostenderet,
1354 1253 1382 1318 si
1396 1251 1476 1340 quid

327 1372 369 1418 ex
378 1371 443 1417 uno
452 1349 597 1436 exemplo
607 1348 750 1416 concludi
759 1348 865 1429 liceat,
878 1353 1086 1419 mutationem
1096 1372 1112 1418 s
1121 1353 1248 1418 litterae
1257 1351 1291 1415 iu
1300 1370 1322 1415 r
1330 1357 1475 1437 tempore

328 1450 541 1535 irruptionum
551 1449 780 1526 Barbarorum,
797 1449 828 1515 id
842 1456 890 1516 est
899 1452 1011 1537 quinto
1022 1449 1140 1529 seculo,
1153 1449 1290 1516 nondum
1301 1448 1477 1535 perfectam

326 1548 439 1622 fuisso;
456 1547 511 1613 sed
523 1568 619 1633 quum
631 1566 669 1612 ea
682 1548 814 1633 septimo
827 1549 932 1615 seculo
944 1548 1059 1634 ubique
1071 1550 1238 1635 reperitur,
1253 1546 1360 1613 seculo
1374 1548 1477 1634 igitur

327 1645 541 1734 praecedenti,
575 1644 606 1709 id
628 1651 676 1710 est
698 1650 806 1723 sexto,
835 1651 959 1732 oportet
982 1665 1020 1711 ea
1045 1645 1192 1731 usurpari
1218 1644 1369 1730 coepisse.
1399 1644 1478 1711 Non

326 1743 497 1810 verisimile
519 1749 566 1809 est
584 1744 617 1807 in
637 1745 770 1809 caeteris
784 1744 975 1829 germanicis
988 1741 1132 1809 dialectis
1152 1741 1251 1807 multo
1265 1740 1478 1807 recentiorem

327 1841 382 1908 vel
394 1841 616 1925 antiquiorem,
633 1840 743 1906 saltem
758 1860 775 1905 s
790 1840 911 1906 mediae
934 1840 1157 1906 transitionem
1178 1839 1212 1903 in
1226 1859 1248 1903 r
1261 1838 1370 1917 fuisse,
1390 1856 1478 1923 quae

329 1940 362 2004 iu
376 1939 504 2025 gothica
517 1938 640 2024 lingua,
657 1943 693 2003 ut
706 1957 802 2023 supra
817 1937 896 2016 dixi,
908 1938 975 2026 jam
989 1936 1104 2002 mutari
1123 1935 1305 2020 incipiebat.
1322 1933 1477 2003 Contrua

327 2043 471 2103 extrema
489 2037 622 2103 mutatio
636 2035 833 2121 potissimum
852 2037 886 2101 in
909 2054 1068 2101 norraena
1087 2033 1223 2100 dialecto
1240 2032 1364 2099 tardior
1376 2033 1478 2100 fuisso

328 2133 473 2214 videtur,
499 2156 595 2222 quum
620 2135 653 2199 in
675 2133 902 2219 antiquissimis
929 2133 1155 2219 manuscriptis
1186 2132 1266 2198 haec
1292 2132 1417 2218 spirans
1440 2132 1478 2197 in

328 2233 513 2318 pronomine
538 2251 576 2298 es
596 2230 676 2320 (qui)
696 2250 753 2317 pro
776 2251 829 2308 er,
853 2238 948 2317 atque
969 2233 1002 2296 in
1019 2228 1207 2316 quibusdam
1227 2229 1371 2316 personis
1384 2229 1478 2295 verbi

328 2347 414 2396 ocra
425 2327 534 2419 (esse),
550 2365 594 2380 -
607 2335 644 2395 ut
657 2347 720 2395 vas
734 2349 792 2417 pro
806 2348 872 2395 oar
886 2325 981 2415 (erat)
998 2364 1039 2377 -
1054 2328 1159 2394 adhuc
1170 2327 1351 2413 reperiatur
1360 2321 1385 2390 ¹.

372 2426 510 2494 Videtur
528 2446 652 2513 quoque
665 2433 807 2512 tempore
825 2426 892 2493 fere
913 2425 1020 2492 eodem
1039 2427 1073 2491 in
1094 2425 1286 2510 germanicis
1299 2422 1478 2491 dialectiea

328 2523 455 2591 litterae
477 2526 511 2590 in
532 2545 554 2589 r
576 2524 711 2590 mutatio
732 2522 875 2601 desiisse,
901 2525 983 2590 sicut
1007 2542 1045 2589 ea
1066 2523 1162 2589 etiam
1184 2522 1219 2587 in
1240 2521 1340 2587 latina
1366 2519 1479 2607 lingua

325 2621 394 2709 jam
429 2641 493 2687 non
522 2621 600 2699 fuit;
630 2626 726 2707 atque
754 2621 781 2686 si
808 2619 963 2707 quaedam
991 2617 1159 2696 vocabula,
1190 2638 1270 2704 quae
1296 2619 1479 2703 primums

330 2723 511 2794 servarunt,
544 2724 684 2803 tempore
713 2720 833 2783 recenti
863 2716 990 2783 tandem
1013 2737 1035 2781 r
1061 2723 1262 2803 acceperunt,
1281 2752 1322 2765 -
1336 2720 1373 2781 ut
1384 2713 1479 2781 verbi

329 2817 408 2882 sein
428 2816 634 2902 praeteritum
654 2816 688 2880 in
710 2817 871 2881 teutonica
894 2814 1039 2893 dialecto,
1062 2850 1104 2864 -
1128 2816 1189 2881 hoo
1206 2815 1310 2901 potius
1328 2811 1480 2899 analogia

330 2914 452 2981 iactum
465 2919 515 2981 est
527 2933 622 2999 quam
640 2912 781 2979 naturali
804 2934 821 2981 s
841 2912 967 2980 litterae
981 2915 1015 2979 in
1028 2934 1050 2979 r
1063 2913 1246 2979 mutatione.
1263 2911 1391 2977 Etenim
1404 2915 1480 2996 post

332 3012 489 3099 quoddam
500 3011 651 3098 temporis
663 3010 864 3077 intervallum
878 3031 942 3077 non
954 3010 1047 3078 modo
1059 3011 1269 3077 rhotacismus
1280 3028 1345 3074 non
1358 3026 1480 3093 propa-

331 3115 426 3198 gatus
440 3116 498 3187 est,
511 3110 565 3176 sed
579 3110 676 3175 etiam
689 3109 810 3194 aliquot
822 3108 977 3176 vocabula
990 3129 1071 3196 quae
1085 3114 1210 3176 anteas
1224 3108 1476 3185 inrverterunt,

332 3209 489 3294 posterius
502 3227 520 3274 s
534 3206 727 3294 primitivam
743 3213 984 3295 recuperarunt.

366 3518 389 3571 1.
404 3517 521 3577 drimm,
537 3515 682 3570 Gescttctte
694 3516 742 3568 der
754 3515 897 3570 deutschen
910 3517 1034 3583 specte,
1051 3514 1074 3569 1¹
1097 3515 1153 3569 tto.
1163 3540 1193 3553 -
1205 3512 1353 3576 Wimmor,
1367 3510 1480 3564 aum

334 3596 422 3651 auem
435 3595 605 3659 Gramrrtottt,
620 3596 657 3655 27,
671 3596 711 3656 79,
727 3596 780 3649 100.
