3276 5482
737 386 775 399 ..
796 357 830 415 54
855 390 895 401 -

666 473 777 538 Poma
802 488 965 537 russeus.

657 576 692 643 iu
898 579 965 643 veis
1165 577 1213 642 vit

656 674 724 739 mik
818 761 819 764 Ἴ
898 675 999 751 unsis,
1017 692 1079 739 uus
1167 673 1263 758 ugkis

655 772 715 836 mis
893 773 992 848 unsis,
1009 791 1070 836 uns
1166 770 1263 856 ugkis

652 869 755 934 meina
893 889 1013 935 unsara
1165 869 1294 955 ugkara

645 977 799 1043 Suonuna
822 994 985 1043 reasons.

855 1082 909 1170 us
1132 1082 1209 1172 ouo

857 1182 936 1248 izvis
1129 1182 1212 1268 igqis

655 1282 713 1360 bus
855 1281 934 1347 izvis
1133 1282 1215 1368 igqis

654 1378 745 1460 beina
853 1379 962 1444 izvara
1131 1380 1244 1466 igqara

660 1485 789 1552 Turum
814 1504 977 1553 russeus.

658 1589 710 1657 sik
892 1592 943 1660 sik

659 1689 709 1772 sis·
893 1692 937 1756 sis

658 1789 746 1855 seina
893 1790 981 1855 seina

289 1896 326 1964 In
338 1895 459 1983 primae
472 1914 510 1960 ac
523 1893 679 1960 secundae
693 1913 847 1979 personae
864 1895 1105 1982 pronominibus
1125 1914 1143 1961 s
1157 1896 1192 1961 in
1205 1893 1314 1962 dativo
1325 1897 1393 1962 sin·

244 1993 377 2084 galeris,
401 1994 435 2058 in
460 1993 657 2059 nominativo
683 1991 817 2078 pluralis
842 1993 924 2059 sicut
951 1994 985 2058 in
1013 1992 1122 2059 dativo
1147 1993 1394 2080 accusativoque

246 2091 348 2158 dualis
362 2097 394 2156 et
407 2088 539 2177 pluralis
552 2089 726 2174 reperitur3
751 2087 806 2155 sed
828 2110 925 2176 quum
939 2091 1121 2156 terminatio
1140 2089 1275 2176 pluralis
1295 2091 1328 2157 in
1343 2091 1393 2157 his

245 2189 367 2257 duobus
381 2188 507 2254 casibus
520 2188 656 2265 excidat,
670 2188 722 2253 vel
734 2188 764 2253 ei
775 2188 808 2253 in
820 2189 1002 2254 accusativo
1011 2187 1136 2274 syllaba
1152 2188 1215 2277 (ille
1229 2190 1296 2255 sive
1310 2187 1394 2277 (ilob

246 2309 288 2344 =
304 2307 353 2372 gr.
370 2307 404 2364 γε
418 2281 660 2364 substituatur¹‚
677 2289 806 2351 exstant
819 2290 944 2350 tantum
958 2291 1095 2371 quatuor
1108 2305 1215 2363 casus,
1232 2286 1394 2372 inquibus

245 2384 455 2450 rhotacismus
477 2382 549 2448 fieri
572 2389 686 2469 potest.
706 2384 917 2460 Quamobrem
930 2384 965 2450 in
978 2384 1150 2451 vetustiore
1169 2404 1207 2451 ac
1218 2384 1393 2450 recentiore

246 2483 398 2549 theotisca
411 2480 546 2549 dialecto
560 2482 593 2548 in
606 2480 712 2548 dativo
727 2481 884 2567 singulari
897 2483 982 2558 mir,
1000 2483 1072 2561 dir,
1089 2488 1185 2567 atque
1200 2484 1234 2547 in
1247 2481 1394 2548 nomina-

246 2581 313 2645 tivo
327 2579 442 2666 plurali
460 2579 540 2657 wir,
556 2579 612 2644 ier
625 2580 694 2644 siva
708 2579 743 2643 ir
756 2581 931 2665 reperitur;
947 2580 1003 2646 sed
1014 2581 1049 2645 in
1062 2579 1148 2646 duali
1162 2600 1226 2646 non
1240 2580 1390 2646 occurrit.

245 2678 283 2744 ln
304 2679 477 2744 vetustiore
498 2677 649 2743 saxonica
664 2683 761 2764 atque
774 2678 1024 2765 anglosaxonica
1037 2676 1182 2755 dialecto,
1201 2699 1297 2764 quum
1313 2697 1394 2744 con-

247 2796 365 2843 sonans
379 2784 521 2842 extrema
544 2775 578 2840 in
597 2774 704 2841 dativo
726 2775 882 2862 singulari
901 2783 998 2862 atque
1017 2777 1051 2841 in
1064 2776 1261 2842 nominativo
1276 2775 1394 2862 plurali

247 2881 279 2941 et
306 2880 374 2941 tota
400 2874 581 2941 terminatio
608 2875 641 2939 in
675 2873 784 2939 dativo
819 2876 1067 2959 accusativoque
1100 2873 1217 2961 plurali
1248 2873 1391 2951 excidat,

246 2971 458 3038 rhotacismus
480 2971 513 3036 in
530 2971 578 3036 his
599 2971 796 3038 sermonibus
816 2991 880 3037 non
900 2973 1074 3038 invenitur.
1100 2971 1185 3038 Idem
1204 2972 1237 3036 in
1258 2970 1394 3038 frisiaua

246 3067 382 3137 dialecto
401 3069 453 3145 fit;
475 3074 587 3134 contra
602 3069 636 3133 in
654 3087 813 3134 norraena
834 3067 955 3155 lingua,
979 3069 1013 3134 in
1033 3069 1179 3135 omnibus
1199 3070 1336 3147 casibus,
1360 3069 1395 3134 in

246 3167 360 3255 quibus
378 3189 395 3235 s
415 3168 449 3233 in
465 3167 593 3255 gothica
615 3167 838 3234 terminatione
858 3167 1085 3253 usurpabatur,
1114 3168 1191 3233 haec
1214 3187 1395 3234 consonans

247 3268 281 3331 in
301 3287 323 3332 r
340 3274 388 3332 est
406 3271 538 3342 mutata,
554 3266 696 3351 exceptis
713 3272 820 3333 tamen
840 3265 951 3332 dativo
966 3267 1215 3350 accusativoque
1229 3262 1347 3350 plurali
1363 3264 1396 3329 in

247 3363 360 3449 quibus
379 3361 513 3428 effluxit.
537 3362 663 3429 Primae
682 3382 720 3431 ac
742 3363 899 3430 secundae
913 3382 1068 3450 personae
1081 3363 1270 3449 pronomina
1283 3363 1318 3429 in
1332 3361 1396 3427 hac

247 3459 358 3546 lingua
374 3462 421 3528 sic
434 3459 634 3528 declinantur
651 3481 658 3526 :

672 3570 783 3636 Pnnm
805 3587 968 3636 reasons

425 3674 456 3742 N
662 3674 704 3741 ek
907 3695 971 3741 oar
1175 3674 1223 3740 vit

425 3774 456 3838 Α
659 3773 726 3838 mik
903 3770 956 3839 bss
1171 3771 1278 3838 cbk-r

424 3873 451 3937 D
661 3892 741 3936 mer
910 3867 963 3935 oss
1175 3867 1283 3934 oab-r

427 3968 455 4036 G
663 3976 728 4034 min
908 3975 967 4031 vair

654 4077 810 4142 Sucunnl
831 4092 995 4141 russeus.

426 4181 458 4247 N
662 4181 712 4266 pir
904 4192 1038 4263 ardeo*

426 4279 457 4343 A
661 4275 715 4361 pik
905 4277 992 4362 yet-r

284 4492 305 4540 t.
320 4488 490 4549 schleicber,
505 4491 556 4540 Die
569 4487 690 4539 αειικοὶιε
702 4486 828 4551 sprocbe,
841 4487 872 4537 ‘2¹
887 4485 933 4537 ed.
950 4497 978 4549 p.
992 4487 1046 4537 tot.
