3276 5482
845 307 1004 365 ..rg-

488 422 519 487 A
695 419 777 487 tal-a
1045 417 1183 484 told-or
1297 416 1376 484 talin

487 516 515 583 D
694 517 833 584 told-um
1043 515 1183 582 told-um
1293 515 1432 582 told-um

487 616 517 683 G
692 615 832 682 talin-na
1042 613 1181 679 talin-na
1293 614 1434 679 talin-ua
1506 668 1509 678 .

398 713 437 778 In
451 710 560 780 dativo
573 712 728 779 feminino
742 711 899 799 singulari
912 718 1010 798 atque
1024 713 1058 777 in
1073 714 1171 778 trium
1189 730 1342 798 generum
1362 712 1505 799 genitivo

354 810 472 896 plurali
485 812 710 890 rhotacismus,
728 819 762 878 ut
776 811 921 877 videmus
932 809 956 888 ¹,
973 830 1037 876 non
1051 815 1238 896 usurpatur.

399 908 648 995 comparativus
663 911 696 975 in
709 909 838 996 gothica
854 909 962 996 lingua
975 907 1199 973 terminatione
1212 906 1265 972 -ie
1279 905 1331 972 vel
1344 913 1402 973 -or
1423 903 1502 994 (scr.

345 1006 487 1096 jo[n]s),
504 1008 595 1095 cujus
611 1008 747 1095 spirans,
764 1028 863 1096 quum
877 1007 911 1072 in
925 1006 1135 1073 declinatione
1149 1005 1251 1071 media
1264 1003 1332 1083 fiat,
1348 1006 1383 1071 in
1394 1023 1416 1073 z
1428 1023 1506 1070 verr·

353 1105 445 1184 titur,
470 1106 684 1193 superlativus
707 1112 817 1172 autem
840 1107 1063 1173 terminatione
1089 1105 1135 1172 ist
1159 1103 1210 1170 vel
1232 1109 1285 1170 ort
1310 1103 1373 1193 (gr.
1395 1102 1504 1190 -ιστος)
1527 1154 1533 1163 .

354 1203 521 1271 formatur.
563 1206 602 1272 In
633 1206 861 1272 terminatione
901 1205 948 1271 iat
977 1202 1056 1291 (o'st)
1085 1202 1284 1290 superlativi,
1318 1222 1336 1270 s
1368 1222 1465 1290 quum
1491 1205 1506 1266 t

354 1304 498 1391 sequenti
526 1310 724 1390 protegatur,
755 1305 789 1369 in
815 1302 961 1370 omnihus
985 1302 1178 1389 germanicis
1204 1299 1323 1388 linguis
1338 1302 1506 1367 immutata

353 1401 512 1488 perstitit;
538 1408 652 1468 contra
669 1422 687 1468 s
704 1403 739 1469 in
757 1401 982 1468 terminatione
1004 1401 1037 1466 is
1059 1398 1124 1488 (os)
1145 1399 1369 1485 comparativi,
1391 1399 1425 1464 in
1445 1417 1506 1484 go-

354 1500 441 1565 thica
454 1499 566 1585 lingua
577 1499 645 1586 jam
659 1501 693 1565 in
711 1520 731 1565 z
745 1506 878 1578 mutata,
898 1499 931 1564 in
952 1498 1088 1566 caeteris
1109 1497 1248 1585 ejusdem
1270 1497 1409 1564 familiae
1422 1495 1506 1562 idio-

354 1595 491 1661 matibus
510 1595 544 1661 in
562 1615 584 1660 r
601 1596 732 1673 transit,
750 1596 859 1683 itaque
878 1593 1091 1680 comparativi
1104 1593 1286 1661 terminatio
1299 1593 1335 1659 ir
1348 1592 1401 1658 vel
1416 1599 1458 1658 or
1471 1592 1506 1658 in

354 1693 528 1760 vetustiore
542 1694 696 1760 theotisca
711 1695 939 1780 canonicaque,
950 1712 992 1758 er
1005 1692 1040 1758 in
1053 1691 1228 1758 vetustiore
1240 1691 1374 1757 frisiana
1387 1689 1507 1756 media-

355 1811 417 1878 que
429 1792 596 1869 theotisca,
620 1798 744 1858 tantum
765 1798 870 1858 autem
891 1811 924 1868 r,
941 1789 1045 1856 vocali
1059 1791 1190 1866 extrita,
1206 1790 1241 1855 in
1254 1789 1505 1876 anglosaxonica

355 1895 388 1955 et
400 1909 560 1956 norraena
576 1890 711 1958 dialecto
723 1891 808 1958 facta
820 1897 889 1968 est;
907 1896 943 1956 ut
955 1889 1062 1956 thema
1077 1886 1222 1956 blind-a
1235 1885 1376 1976 (caecus)
1393 1907 1401 1952 ε

473 1994 539 2073 got.
558 1986 720 2054 blind-oza
831 1993 893 2053 vt.
909 1985 1071 2054 blind-or
1183 2007 1217 2052 n.
1233 1984 1386 2053 blind-r.

399 2084 490 2151 Inter
521 2086 689 2154 anomalas
721 2087 932 2173 comparativi
963 2086 1100 2163 formas,
1134 2085 1290 2172 quaedam
1321 2084 1506 2152 rhotacismi

354 2183 461 2271 gratia
487 2191 563 2251 sunt
585 2184 756 2253 notandae.
790 2186 829 2252 ln
850 2185 978 2273 gothica
1003 2184 1116 2271 lingua
1136 2185 1346 2271 comparativi
1366 2182 1506 2251 anomali

352 2286 524 2369 'sequentes
538 2290 638 2349 sunt:

579 2379 676 2465 god-s
691 2376 818 2465 (houm)
1163 2379 1286 2446 hat-iza

580 2477 680 2543 ubil-s
696 2476 827 2567 (malus)
1160 2478 1337 2545 vair-s-iza

578 2573 675 2642 leitils
688 2574 835 2663 (paruus)
1162 2578 1321 2643 minu-iza

525 2676 556 2737 et
578 2672 704 2740 mikil-s
722 2670 884 2760 (magnus)
1164 2676 1283 2742 maiza

354 2769 388 2836 in
403 2788 466 2854 quo
480 2768 596 2836 ultimo
609 2771 725 2838 radicis
739 2790 919 2838 consonans
935 2771 1055 2838 excidit
1064 2771 1090 2838 ².

282 2888 284 2891 ·
399 2868 438 2934 In
451 2870 625 2936 vetustiore
640 2870 795 2938 theotisca
809 2868 944 2937 dialecto
958 2870 991 2935 hi
1005 2871 1214 2956 comparativi
1228 2876 1301 2938 sunt
1315 2869 1392 2936 facti
1408 2891 1416 2937 :

578 2975 657 3054 guot
958 2969 1104 3055 pez-iro

579 3067 645 3132 ubil
965 3067 1143 3134 wir-sero

580 3164 655 3230 luzil
965 3165 1140 3232 mian-iro

579 3263 690 3329 mihhil
961 3260 1281 3350 ote-romeam).

356 3395 359 3399 ‚
400 3357 439 3423 In
459 3361 634 3427 vetustiore
655 3362 809 3427 saxonica
832 3358 969 3425 dialecto
988 3361 1149 3447 reperitur
1169 3357 1300 3426 bet-iro
1315 3356 1459 3447 (medor)
1475 3363 1507 3425 et

354 3462 475 3523 memo
497 3453 636 3545 (major),
661 3457 716 3525 sed
734 3460 768 3524 in
788 3457 894 3524 wirae
920 3455 1034 3547 (pej0r)
1053 3478 1086 3536 r,
1107 3456 1213 3524 vocah
1233 3456 1394 3544 irejecta,
1417 3457 1508 3524 exci-

356 3552 440 3620 disse
451 3554 600 3633 videtur;
616 3556 712 3622 toltit
727 3553 874 3642 (parvas)
897 3554 1018 3621 nullum
1038 3555 1200 3642 cognitum
1220 3553 1316 3623 hahet
1337 3573 1508 3641 compara-

356 3651 471 3716 tivum.
489 3653 526 3717 In
542 3655 717 3720 vetustiore
739 3653 992 3738 anglosaxonica
1014 3653 1149 3721 dialecto
1169 3654 1328 3741 reperitur
1351 3652 1507 3720 ceter-a

358 3748 426 3815 sive
450 3748 570 3817 het-ro
597 3749 748 3840 (melior),
778 3755 901 3817 nto-ra
928 3749 1068 3839 (major),
1094 3751 1150 3818 sed
1173 3772 1194 3817 r
1216 3751 1448 3817 terminationis
1472 3751 1507 3816 in

357 3864 504 3930 cyr-so
519 3847 633 3935 (pejor)
650 3854 747 3934 atque
767 3849 802 3915 in
816 3848 950 3915 lde-s-tt
965 3847 1095 3936 (minor)
1114 3845 1250 3917 effluxit.
1273 3850 1312 3915 In
1332 3849 1508 3916 vetustiore

357 3943 488 4010 frisiana
503 3945 612 4033 hngua
625 3947 787 4014 invenitur
800 3966 865 4012 non
878 3946 981 4013 solum
994 3944 1131 4015 bet-era
1145 3953 1177 4014 et
1190 3967 1323 4024 eoo-ra,
1340 3945 1395 4013 sed
1410 3948 1507 4012 etiam

357 4060 475 4107 werra
490 4043 559 4109 sive
572 4044 697 4124 wirro,
714 4044 798 4132 quod
813 4049 949 4112 autema
961 4043 1113 4130 perdidit;
1129 4045 1208 4112 litik
1222 4044 1366 4135 (parvus)
1383 4065 1508 4133 quoque

358 4142 609 4228 comparativum
641 4144 814 4209 mino-iro
842 4142 911 4208 sive
938 4144 1103 4212 mian-ro
1130 4144 1226 4232 juxta
1259 4152 1366 4211 tamen
1398 4145 1507 4211 les-sa

392 4369 414 4422 i.
432 4369 550 4435 drimm,
565 4370 604 4424 id.
620 4371 671 4435 11²,
685 4372 740 4426 936.
753 4400 783 4411 -
796 4371 830 4425 ll.
846 4371 954 4440 heyne,
969 4373 1007 4427 id.
1021 4374 1076 4427 ³15.

389 4451 414 4502 t.
429 4449 534 4515 Uifllas,
550 4452 588 4505 id.
603 4454 657 4507 295.
