3276 5482
891 349 931 363 -
950 323 989 381 52
1009 351 1049 365 -

1047 430 1135 518 yde*
1301 428 1412 515 fide-r

1049 528 1132 616 ytar
1297 526 1409 614 ykkar
1419 526 1443 596 ¹.

434 627 538 702 Quum
559 628 592 692 in
610 626 723 693 danica
736 628 924 713 suecicaque
941 624 1052 715 lingua
1069 627 1197 694 dativus
1215 624 1386 713 singularis
1403 644 1540 692 accusa·

390 724 456 789 tivo
479 725 562 812 erip,
586 726 647 812 dep
667 724 863 791 assimilatus
891 725 997 803 luerit,
1018 733 1112 811 atque
1130 725 1346 791 nominativus
1365 723 1498 810 pluralis
1517 743 1542 790 r

390 822 573 908 perdiderit,
598 823 631 888 in
647 823 767 907 primae
787 842 943 908 personae
965 823 1165 909 pronomine,
1191 821 1274 908 quod
1296 823 1330 888 in
1352 820 1402 889 his
1419 821 1539 909 linguis

391 920 514 987 nullum
527 919 653 986 dualem
668 921 822 997 servavit,
838 920 1050 988 rhotacismus
1068 941 1134 988 non
1156 919 1325 1007 reperitur.
1348 920 1385 986 In
1399 919 1541 986 secunda

392 1025 498 1084 autem
513 1039 650 1104 persona
662 1019 741 1085 haec
758 1019 894 1085 mutatio
912 1019 947 1085 in
959 1018 1067 1086 dativo
1081 1019 1327 1104 accusativoque
1345 1018 1433 1084 e'der
1443 1018 1540 1084 etiam

391 1136 559 1183 occurrere
573 1115 711 1197 videtur,
723 1136 807 1203 quae
817 1116 918 1183 forma
931 1123 1039 1184 tamen
1052 1118 1162 1185 lorsan
1177 1138 1196 1183 e
1213 1116 1387 1184 vetustiore
1398 1115 1541 1204 genitivo

390 1214 482 1300 ydor
495 1220 618 1281 mutato
632 1221 701 1280 orta
715 1234 785 1279 esse
798 1219 903 1300 potest
916 1207 943 1280 ².

435 1314 561 1379 Tertiae
579 1331 733 1399 personae
751 1312 890 1392 dativus,
912 1312 968 1397 qui
991 1312 1078 1380 solus
1096 1331 1191 1379 casus
1217 1332 1235 1379 s
1263 1312 1297 1376 in
1320 1310 1541 1378 terminatione

390 1408 497 1489 hahet,
519 1431 621 1497 neque
639 1411 673 1475 in
691 1411 866 1477 vetustiore
887 1411 1042 1477 theotisca
1056 1430 1160 1496 neque
1174 1411 1208 1476 in
1225 1407 1476 1496 anglosaxonica
1487 1405 1542 1473 vel

391 1509 425 1574 in
451 1508 585 1574 frisiana
614 1508 748 1575 dialecto
776 1508 903 1586 existit,
934 1514 1029 1595 atque
1056 1510 1090 1574 in
1116 1508 1290 1574 vetustiore
1317 1507 1472 1573 saxonica
1507 1510 1540 1570 et

272 1642 273 1645 ¹
392 1608 569 1674 recentiore
590 1608 746 1674 theotisca
767 1608 949 1674 accusativo
968 1608 1162 1675 assimilatus
1179 1606 1279 1673 fuisse
1297 1606 1434 1687 videtur,
1456 1624 1540 1694 qua-

392 1707 532 1773 mohrem
543 1707 756 1773 rhotacismus
767 1707 800 1772 in
812 1707 861 1771 his
874 1712 1012 1793 quatuor
1020 1705 1138 1794 linguis
1149 1726 1215 1773 non
1226 1707 1400 1773 invenitur.
1415 1704 1540 1772 Contra

393 1807 427 1871 in
440 1824 598 1873 norraena
613 1804 759 1884 dialect0,
776 1824 793 1871 s
807 1812 963 1884 extrema,
977 1806 1011 1870 in
1025 1826 1047 1871 r
1060 1812 1196 1885 mutata,
1208 1806 1242 1871 in
1255 1804 1365 1872 dativo
1378 1824 1437 1872 ser
1449 1822 1542 1891 pers-

393 1904 468 1969 titit.
485 1903 600 1968 Dativo
611 1909 718 1969 autem
730 1903 764 1968 in
775 1902 890 1971 danica
906 1903 1092 1990 suecicaque
1104 1901 1543 1991 linguaaccusativoassimi-

392 1999 470 2080 lato,
499 2020 592 2067 omne
618 2001 804 2067 rhotacismi
831 2002 1002 2088 vestigium
1028 2002 1063 2067 in
1090 2002 1140 2068 his
1160 1999 1361 2067 idiomatibus
1386 2000 1420 2066 in
1446 1998 1542 2066 tertia

392 2119 529 2185 persona
544 2100 687 2165 evanuit.

437 2200 564 2264 Tertiae
576 2217 731 2284 personae
744 2216 931 2284 pronomen,
944 2198 1027 2286 quod
1040 2198 1074 2263 in
1084 2217 1209 2285 quoque
1219 2194 1541 2283 genere'peculiarem

395 2298 531 2363 formam
545 2294 651 2375 habet,
669 2298 703 2362 in
717 2294 845 2381 gothica
859 2294 994 2364 dialecto
1010 2295 1057 2363 sic
1072 2296 1251 2363 declinatur
1267 2317 1275 2362 ε

651 2393 862 2461 Snvounsers.
1247 2395 1426 2461 Pnunmrs.

460 2491 491 2558 N
603 2491 631 2556 is
741 2492 767 2555 si
884 2491 930 2557 ita
1045 2493 1091 2558 eis
1203 2489 1291 2580 (ijds)
1404 2490 1474 2579 (lja)

461 2590 490 2655 Α
600 2588 654 2652 ina
740 2587 782 2674 ija
886 2591 929 2654 ita
1046 2589 1096 2655 ins
1209 2589 1267 2675 ijos
1403 2587 1475 2679 (lja)

460 2686 487 2750 D
599 2687 695 2751 imma
741 2686 802 2750 izai
883 2687 980 2753 imma
1047 2687 1090 2751 im
1205 2687 1248 2750 im
1404 2687 1447 2752 im

460 2782 489 2848 G
600 2784 628 2847 is
742 2782 808 2848 izos
885 2784 913 2848 is
1047 2785 1094 2849 ize
1204 2783 1253 2848 izo
1402 2784 1450 2848 ize

437 2883 475 2947 In
490 2882 665 2947 vetustiore
683 2880 839 2947 theotisca
857 2880 967 2968 lingua
984 2901 1001 2946 s
1018 2887 1163 2947 extrema
1180 2881 1312 2968 genitivi
1330 2879 1496 2948 masculini
1510 2887 1543 2946 et

394 2981 501 3046 neutri
512 2985 645 3065 perstat,
663 2985 774 3045 contra
788 2999 806 3044 a
820 2978 954 3065 genitivi
967 2979 1107 3044 feminini
1119 2978 1247 3057 excidit,
1265 2977 1422 3065 solaques
1436 2978 1542 3043 nomi-

395 3079 496 3144 nativi
515 3075 682 3144 masculini
700 3076 871 3165 singularis
885 3078 919 3142 in
937 3097 959 3142 r
973 3083 1129 3155 mutatum
1152 3078 1368 3142 nominativus
1383 3074 1544 3142 accusati·

395 3196 518 3263 vusque
533 3173 665 3261 pluralis
684 3195 702 3239 e
721 3175 827 3241 radice
847 3175 880 3240 si
897 3173 1044 3251 derivati,
1068 3194 1165 3260 quum
1181 3173 1303 3240 nullam
1315 3178 1543 3240 consonantem
1635 3235 1637 3239 .

395 3275 429 3339 in
455 3274 677 3340 terminatione
704 3272 860 3349 habeant,
885 3271 1007 3338 nullum
1026 3272 1211 3338 rhotacismi
1231 3271 1412 3360 exemplum
1434 3273 1468 3337 in
1492 3271 1544 3337 his

396 3373 522 3439 casibus
542 3372 715 3459 reperitur;
735 3369 789 3436 sed
816 3371 850 3435 in
867 3371 1009 3456 genitivo
1034 3369 1204 3458 dativoque
1219 3370 1370 3438 leminino
1393 3376 1491 3455 atque
1510 3369 1544 3436 in

396 3471 538 3557 genitivo
554 3468 672 3555 plurali
692 3467 785 3534 trium
804 3486 959 3555 generum
983 3485 1000 3533 s
1020 3467 1267 3546 terminationis,
1293 3469 1326 3533 in
1345 3465 1544 3554 agothicam

397 3570 461 3657 jam
473 3574 607 3644 mutata,
625 3568 657 3631 in
671 3587 692 3632 r
706 3567 833 3633 transit.
849 3565 951 3652 Igitur
969 3567 1003 3632 in
1019 3565 1080 3633 hac
1097 3565 1231 3634 dialecto
1248 3585 1423 3654 pronomen
1436 3565 1480 3643 is,
1496 3566 1541 3644 si,

396 3667 449 3734 ita
462 3666 607 3752 sequenti
618 3664 711 3731 modo
724 3664 903 3731 declinatur
920 3684 927 3729 :

858 3764 1070 3832 Smaunanrs.
1360 3761 1539 3830 Pnnnmus.

486 3864 519 3932 N
678 3862 723 3937 ir,
739 3859 781 3928 ’ἔν
945 3863 995 3929 siu
1156 3861 1193 3942 ip,
1210 3862 1240 3942 dg
1410 3861 1456 3926 sie

678 3959 755 4024 inan
951 3960 998 4027 sia
1163 3959 1198 4045 it,
1216 3959 1246 4036 dr
1410 3959 1457 4025 sie

487 4059 514 4124 D
676 4057 743 4122 imu
950 4059 1022 4134 iret,
1039 4058 1097 4123 iro*
1163 4058 1229 4122 imu
1412 4055 1456 4120 im

487 4156 516 4222 G
674 4153 734 4244 (iis)
751 4160 802 4221 sin
948 4157 1021 4234 iret,
1038 4156 1095 4222 iro
1159 4154 1198 4233 is,
1215 4155 1249 4220 'e‘s
1416 4153 1474 4217 iro

430 4394 452 4445 t.
466 4391 574 4459 heyne,
589 4390 627 4445 id.
642 4391 762 4445 ter-337.

431 4473 456 4524 t.
472 4471 588 4532 (irimm,
604 4469 734 4524 umecta
749 4470 922 4533 commotu,
939 4469 985 4535 11²,
1000 4471 1055 4523 705.
