3276 5482
741 352 903 414 45-

249 469 401 534 Attamen
419 466 545 533 litterae
567 487 594 532 r·
606 469 639 533 in
659 468 823 534 anatalio
841 467 943 534 latina
960 470 994 535 in
1007 468 1118 556 lingua
1132 476 1258 538 tantum
1277 493 1321 541 ex
1340 476 1401 541 hac

248 586 398 632 sonorum
413 563 638 631 assimilatione
652 571 797 643 constan
812 573 923 632 contra
943 566 1060 654 gallim
1075 569 1109 634 in
1128 569 1276 637 ldiomate
1302 573 1400 639 etiam

248 666 333 731 inter
346 663 473 729 vocales
487 668 673 748 usurpatur,
690 668 726 728 ut
740 663 773 727 in

337 761 464 827 hesicle
663 778 722 846 pro
743 759 860 826 heriole
875 759 1067 850 (harpalus)

337 859 456 925 cauae
742 856 861 934 chaire,
879 876 983 924 norm.
1001 860 1112 944 quaire
1125 859 1309 950 (cathedra)

331 956 518 1042 plusieurs
740 953 1116 1044 plurieurs(⁸pluriores)

331 1051 523 1139 pausatae
741 1052 905 1138 pourriere
923 1051 1150 1141 (*pulveraria)

334 1151 445 1228 rosae,
463 1168 613 1218 arroser
745 1147 847 1229 rorte,
860 1169 1008 1216 ar-rorer
1024 1150 1176 1234 (morata,
1195 1151 1399 1245 *ad-rorare)

292 1250 380 1316 Haec
397 1257 506 1316 autem
532 1267 683 1314 sonorum
700 1246 899 1333 depravatio,
921 1247 1081 1333 quondam
1104 1249 1313 1338 frequentior,
1334 1252 1400 1319 flue

247 1346 438 1433 quindecimi
460 1345 514 1412 vel
534 1345 681 1412 sedecimi
702 1344 793 1410 initio
820 1344 916 1411 seculi
943 1347 1091 1432 usurpari
1111 1351 1243 1434 caepisse
1258 1349 1396 1416 videtur.

247 1447 341 1512 huno
353 1443 439 1511 1530
453 1442 662 1530 Palsgravius
675 1461 746 1507 eam
758 1449 794 1507 ut
805 1442 1032 1509 parisiensium
1046 1463 1183 1530 pravum
1197 1467 1290 1512 usum
1303 1454 1400 1515 nota-

246 1543 303 1608 bat
319 1541 343 1608 ¹.
362 1566 379 1601 ‹
396 1541 606 1618 Parisienses,
622 1541 726 1627 inquit
740 1559 864 1626 quoque
878 1539 1094 1607 Theodorusa
1110 1545 1191 1609 Beza
1203 1540 1230 1624 ²,
1245 1564 1285 1611 ac
1298 1545 1399 1611 multo

247 1643 341 1709 etiam
361 1642 464 1727 magis
481 1637 765 1706 Altissiodorenses
785 1644 817 1703 et
836 1637 897 1703 mei
921 1637 1040 1706 Vezelii
1063 1639 1237 1727 simplicem
1258 1663 1280 1708 r
1301 1643 1399 1709 etiam

246 1741 280 1804 in
302 1758 320 1805 s
349 1743 488 1815 vertunt,
519 1743 554 1802 ut
580 1736 707 1814 Maste,
728 1753 825 1821 pesa,
854 1754 960 1812 meae,
986 1735 1165 1806 Theodoce
1185 1760 1247 1827 pro
1264 1740 1395 1821 Maria,

245 1856 343 1922 pere,
371 1857 479 1914 mere,
509 1835 701 1901 Theodora.
741 1856 759 1894 a
794 1835 863 1899 Has
893 1834 1070 1921 peculiares
1096 1837 1215 1904 formas
1242 1839 1398 1925 quaedam

246 1933 374 2000 dialecti
391 1934 612 2008 retinuerunt;
636 1932 682 1997 sic
699 1931 733 1996 in
747 1930 885 2016 quadam
899 1931 1094 2017 Campaniae
1110 1941 1203 2020 parte
1216 1955 1303 2002 nunc
1317 1955 1399 2022 quo·

245 2052 306 2119 que
334 2031 461 2098 auditur
488 2049 496 2094 :
522 2029 650 2107 arusie,
674 2026 786 2111 freae,
817 2027 927 2108 meze,
957 2027 1053 2114 pezo,
1079 2037 1156 2108 etc,
1177 2052 1237 2119 pro
1261 2031 1393 2111 carie,

244 2127 359 2213 frdre,
382 2126 492 2206 mare,
513 2125 611 2213 pe‘re,
633 2133 693 2194 etc.
708 2124 723 2166 ³
740 2127 852 2214 Nuper
872 2127 982 2195 eadem
1002 2128 1193 2198 adulteratio
1214 2133 1248 2198 iu
1260 2131 1396 2198 blesensi

246 2223 379 2292 dialecto
392 2227 488 2293 etiam
503 2225 674 2292 notabatur
684 2225 710 2289 ⁴.

636 2698 777 2766 CAPUT
801 2698 1005 2765 TERTIUM.

458 2916 501 2964 nu
523 2913 730 2963 auoracrsuo
752 2915 788 2962 m
811 2913 1012 2965 annuamus
1035 2915 1177 2967 imaum.

289 3099 487 3184 linguarum
513 3097 770 3182 germanicarum
797 3096 916 3162 iamilia
944 3118 962 3162 e
989 3098 1116 3185 gothico
1150 3117 1190 3164 ac
1217 3100 1395 3167 vetustiore

244 3198 411 3275 theotisoo,
434 3195 570 3262 diutisoo
590 3193 642 3260 vel
665 3194 825 3261 teutonico
850 3193 1012 3273 idiomate,
1037 3194 1122 3282 quod
1147 3199 1291 3283 superius
1313 3200 1396 3265 inle-

245 3295 375 3381 riusque
388 3293 515 3372 dicitur,
539 3328 584 3344 -
601 3311 664 3378 quo
678 3291 790 3358 ultimo
806 3293 936 3358 nomine
949 3298 1043 3358 vetus
1056 3295 1222 3373 saxonica,
1237 3301 1395 3385 vehnque

278 3531 300 3582 l.
319 3529 559 3581 reclamassent
578 3528 611 3580 de
628 3530 657 3579 lu
678 3528 777 3592 lacque
792 3527 934 3593 francone,
960 3541 987 3594 p.
1002 3529 1055 3581 34:
1082 3546 1123 3583 tr
1148 3529 1178 3584 in
1202 3531 1252 3585 the
1272 3530 1393 3588 lrenche

245 3613 361 3674 »louge
375 3608 438 3661 shal
453 3608 488 3661 he
502 3608 632 3661 sounded
651 3620 682 3660 as
702 3606 738 3658 he
758 3606 783 3660 is
802 3607 830 3660 iu
852 3607 932 3673 latyu
954 3607 1078 3663 without
1098 3621 1154 3676 any
1175 3611 1337 3677 exception,
1359 3624 1393 3667 so

245 3709 259 3737 a
276 3687 347 3752 thal,
363 3687 460 3741 where
474 3700 508 3741 as
520 3686 589 3754 they
602 3687 633 3740 oi
645 3685 720 3740 Paris
733 3685 843 3740 sounde
855 3693 1017 3754 sometyme
1033 3701 1050 3740 r
1065 3688 1133 3756 lyke
1146 3704 1171 3752 a,
1185 3703 1294 3758 sapone
1304 3706 1394 3758 possa

244 3789 258 3818 a
275 3770 320 3823 lor
330 3782 422 3835 purus,
442 3771 562 3834 paalstea
578 3767 622 3820 lor
634 3769 761 3833 parisien,
784 3767 873 3819 elatae
893 3767 938 3820 ior
955 3768 1055 3831 clune,
1076 3783 1155 3834 musy
1173 3771 1218 3823 lor
1238 3784 1317 3836 mcry
1335 3772 1391 3826 aad

244 3871 258 3897 a
275 3849 366 3904 suche
381 3848 458 3915 lyke,
475 3847 506 3900 in
523 3848 585 3900 that
600 3846 682 3912 thing
696 3847 707 3900 l
722 3845 811 3900 wolde
827 3849 878 3901 not
894 3846 965 3902 have
979 3847 1062 3902 them
1075 3848 1206 3904 lolowed.
1226 3869 1237 3898 ι

274 3933 298 3983 2.
316 3931 344 3983 Ρ.
358 3930 396 3988 34,
413 3929 468 3982 cite
483 3941 534 3994 par
550 3927 624 3991 iliez,
638 3926 675 3981 id.
692 3927 712 3989 l,
725 3927 781 3981 454.

275 4013 299 4064 3.
316 4009 413 4071 Tarhh,
430 4009 560 4061 Dtulcctcs
573 4008 607 4060 de
619 4007 648 4058 lc
662 4007 844 4074 Chcmpaqac,
860 4007 880 4071 l,
897 4008 950 4061 1⁷0.

273 4092 298 4143 t.
316 4089 539 4152 l.'lalhert,1>c
552 4088 663 4140 munte
678 4088 776 4153 damu,
795 4102 822 4155 p.
835 4089 902 4141 ill:
931 4105 942 4135 ι
959 4088 1034 4143 Dans
1059 4087 1103 4142 les
1126 4089 1329 4145 termiuaisons
1353 4105 1391 4146 eu

243 4173 325 4234 »ere
342 4172 403 4231 otro,
425 4169 459 4221 l'r
478 4169 549 4222 dans
569 4168 597 4221 la
615 4180 772 4234 campagne
792 4166 927 4222 hlaisoise
950 4180 981 4220 se
1002 4180 1148 4234 prononce
1174 4169 1393 4236 generalemeut

243 4267 258 4297 s
272 4262 385 4304 comme
400 4261 440 4302 un
451 4264 482 4308 a:
496 4262 542 4302 ax.
553 4251 626 4315 pere,
641 4251 724 4312 mere,
736 4252 845 4311 amm,
860 4248 988 4312 lurdotre,
1004 4248 1081 4315 fuae,
1097 4254 1152 4304 etc
1165 4264 1196 4303 se
1211 4255 1393 4316 prouoncent

243 4331 362 4394 spicae,
383 4331 478 4392 mre,
498 4330 610 4390 amare,
628 4329 894 4395 lardoulzmoueaa
916 4355 949 4367 -
970 4328 1049 4383 Adaei
1074 4342 1127 4383 nos
1148 4341 1272 4396 caynam
1295 4331 1392 4386 disant

243 4429 257 4458 a
273 4410 521 4463 ordinairement:
542 4423 596 4462 cae
614 4411 718 4476 potatae
736 4424 826 4462 macae
846 4424 919 4476 pour
938 4423 990 4462 une
1008 4413 1084 4475 petre
1101 4412 1184 4472 matrs,
1209 4412 1291 4464 ἐσίω
1313 4425 1388 4478 pour

242 4509 256 4538 a
272 4491 362 4552 e'crire,
379 4495 461 4543 etc.»
