3276 5482
182 560 265 628 quae
293 540 432 619 formae,
461 545 629 628 postquam
657 559 675 608 s
698 543 733 607 in
755 561 777 607 r
799 547 921 610 mutata
943 541 1004 609 fuit
1023 547 1119 629 atquo
1139 561 1159 608 e
1176 546 1319 609 cxbema

180 638 316 720 effluxit,
333 646 365 708 et
378 638 535 707 secundae
547 658 700 726 personae
714 640 728 705 i
741 640 775 705 in
789 640 809 706 ἔ
822 641 881 707 fuit
895 645 1074 718 attenuata,
1097 639 1192 705 iaotae
1217 646 1292 708 sunt
1309 661 1317 705 :

181 736 292 824 lepor,
327 736 445 825 lepore
470 736 528 802 uel
556 736 697 822 leporis,
730 737 870 823 leptim,
905 737 1071 823 lopiacum,
1105 737 1278 823 tepenter
1293 734 1318 800 ¹,

224 835 326 911 Quum
349 842 455 901 autam
474 833 614 900 secunda
635 832 768 919 pluralis
791 854 926 921 persona
946 834 1104 921 participii
1121 834 1239 921 passivi
1257 832 1322 901 ior·

181 952 264 999 mam
287 937 429 1018 usurpet,
444 932 523 998 etin
537 932 630 998 mini
642 931 779 1011 desinat,
796 939 831 998 ut
848 952 856 996 :

443 1030 601 1116 leg-imini
829 1029 871 1096 cf.
887 1031 1061 1109 λεγ-ὃμενοι,

180 1126 302 1194 nullum
315 1128 500 1195 rhotacismi
514 1126 694 1215 exemplum
707 1125 810 1195 offert.

223 1225 256 1314 η)
291 1225 412 1292 Contra
445 1226 524 1292 haee
552 1227 685 1292 mutatio
710 1228 805 1292 eliam
830 1227 864 1291 in
890 1227 995 1313 prisca
1022 1224 1173 1292 infinitivi
1200 1227 1321 1312 passivi

180 1320 317 1389 flexione
331 1324 385 1390 ier
398 1324 568 1409 reperitur,
591 1343 685 1409 quam
706 1322 891 1410 Schiinberg
915 1323 1074 1410 quondam
1098 1323 1199 1389 dativi
1221 1344 1322 1411 genus

181 1419 347 1506 quoddam,
371 1426 409 1487 ut
432 1420 688 1498 amo-si-oi-se,
714 1441 784 1487 esse
807 1421 981 1499 contendit,
1008 1420 1189 1487 Schleicber
1215 1427 1321 1487 autem

180 1538 342 1605 nuperque
359 1518 540 1598 Wilbelms,
556 1519 590 1583 in
603 1521 868 1587 commentatione
889 1522 942 1586 De
965 1519 1142 1606 Infinitioi
1153 1521 1275 1604 formo
1288 1525 1321 1586 et

180 1634 258 1694 assu,
276 1618 409 1685 eforma
423 1614 662 1705 amo-si-es(e)
676 1617 838 1684 duxerunt
847 1616 873 1683 ².

502 1815 544 1880 ΙΙ.
569 1814 647 1881 Sin
661 1816 832 1882 eatrcmis
847 1815 999 1883 vocibus.

223 2006 262 2074 Iu
274 2008 426 2074 extremis
438 2006 603 2075 vocabulis
616 2026 634 2073 s
648 2006 833 2094 plerumque
847 2013 979 2095 perstat,
1001 2012 1062 2074 ut:

290 2124 418 2189 equo-s
603 2105 644 2171 ci.
661 2125 724 2171 scr.
741 2124 879 2186 asoa-s,
897 2124 948 2192 gr.
963 2106 1064 2179 ἵππω-ς

289 2201 414 2269 nubes
660 2224 723 2270 scr,
740 2203 905 2281 nobba-s,
922 2223 971 2290 gr.
988 2205 1084 2284 ripa-s

288 2303 474 2388 pen-er-is
659 2323 721 2370 scr,
739 2298 948 2388 joa-as-as,
967 2322 1018 2390 gr,
1035 2304 1207 2380 *γέν-εσ-ος.

223 2397 343 2467 Contra
357 2399 476 2467 excidit
489 2402 524 2466 in

284 2502 392 2583 poeta
674 2519 725 2586 gr.
741 2496 908 2576 cornui-5³.

223 2596 375 2662 Attamen
388 2596 421 2661 in
430 2597 628 2665 nominativo
637 2597 793 2685 singulari
802 2595 1322 2683 vocabulorum,quaeinsyllabas

180 2712 228 2771 es,
245 2712 296 2772 os,
314 2713 369 2772 us,
392 2714 433 2759 ex
447 2699 487 2760 cis
500 2693 636 2762 flexione
649 2700 748 2773 ortas,
765 2695 922 2772 desinunt,
939 2715 1036 2780 quum
1048 2714 1065 2760 s
1079 2695 1113 2759 in
1127 2694 1254 2761 casibus
1267 2692 1322 2760 ubi

179 2790 280 2857 media
305 2789 343 2857 fit
366 2793 400 2857 iu
424 2812 445 2856 r
470 2799 627 2871 vertatur,
655 2795 689 2858 in
710 2793 837 2859 casibus
862 2813 987 2879 quoque
1010 2792 1066 2858 ubi
1089 2799 1233 2859 extrema
1259 2797 1319 2868 est,

180 2923 221 2938 -
244 2891 387 2975 exceptis
401 2895 509 2956 tamen
523 2890 784 2977 monosyllabis⁴‚
802 2926 844 2941 -
867 2892 936 2957 sine
956 2890 1064 2969 dubio,
1081 2896 1117 2956 ut
1130 2910 1227 2978 supra
1240 2888 1319 2969 dixi,

177 2992 306 3074 propter
319 2987 554 3054 similitudinem
568 2989 602 3054 in
616 3009 637 3053 r
650 2990 777 3055 transit.
798 2989 900 3056 Juxta
919 3010 941 3054 r
961 2994 1067 3055 autom
1085 2991 1120 3055 in
1134 2987 1321 3076 quibusdam

177 3084 341 3152 vocabulis
357 3105 374 3151 s
388 3105 513 3172 quoque
526 3088 696 3173 reperitur,
712 3093 770 3154 ut:

279 3181 396 3268 pubes
757 3184 854 3270 juxta
868 3182 989 3269 puber

287 3279 379 3344 eicis
856 3279 972 3346 *einer
996 3279 1099 3347 Prisc.

285 3378 444 3443 mcumis
693 3432 696 3437 .
856 3378 1042 3444 *meumes
1064 3379 1166 3446 Prisc.

284 3474 404 3559 pulvis
869 3476 1001 3561 pulcer
1023 3475 1085 3563 Ap.

287 3572 398 3638 corais
873 3591 995 3639 vomer

176 3792 233 3848 qus
244 3795 272 3833 se
286 3785 444 3835 extremam
459 3796 474 3833 e
486 3785 582 3836 seruat
597 3804 603 3832 ι

622 3846 717 3911 leod-ie
730 3868 758 3891 =
772 3848 878 3911 leod-re.

208 3925 228 3976 l.
248 3922 285 3976 Gi.
306 3923 478 3985 schleicher,
501 3926 700 3990 compendium,
715 3927 769 3978 llll.
786 3953 815 3964 —
830 3927 986 3994 Westpba1‚
1005 3926 1204 3994 Veryteicteode
1224 3930 1320 3979 Gram-

174 4006 267 4068 matit,
281 4005 303 4068 1,
320 4006 371 4059 189.
387 4032 415 4043 -
431 4003 470 4057 ld.
487 4005 540 4057 Dte
557 4006 757 4072 Verbolsietcloo,
772 4009 811 4059 20.

204 4088 228 4138 i.
247 4085 285 4139 Gi.
302 4084 475 4147 schleiclier,
491 4084 528 4138 id.
543 4087 598 4138 til.
611 4112 641 4123 -·
655 4085 782 4150 Gorssan,
798 4086 835 4140 id.
855 4087 876 4151 1,
901 4089 956 4141 723.
977 4116 1007 4128 -
1029 4089 1137 4142 Kubn's
1160 4089 1319 4154 zeitschrift,

175 4165 245 4220 llxll
259 4166 345 4230 (lloya
358 4166 446 4220 serios
460 4167 503 4232 ll),
518 4169 543 4228 l,
557 4167 612 4229 336,
625 4178 699 4221 auno
716 4169 783 4221 lsrl.
799 4195 828 4206 —
842 4167 870 4220 l.
886 4168 990 4234 Meyer,
1004 4167 1042 4220 id.
1058 4169 1091 4230 ll,
1109 4170 1161 4222 123.

209 4248 232 4300 3.
250 4245 424 4311 schleiouer,
438 4246 476 4300 id.
491 4249 544 4300 252.

204 4329 229 4379 l.
246 4326 304 4380 iioc
317 4326 405 4380 otiam
419 4325 492 4381 mihi
506 4327 593 4381 iidem
606 4329 700 4382 iacere
716 4327 829 4382 videtur
846 4343 858 4379 s
871 4333 1031 4384 extremam
1057 4329 1087 4382 in
1111 4326 1200 4382 latina
1222 4328 1321 4395 lingua

174 4418 231 4462 nou
244 4419 312 4462 vera
324 4406 354 4460 in
368 4421 384 4458 r
398 4407 520 4469 mutarn
535 4420 603 4461 nam
618 4407 648 4461 in
662 4408 833 4473 germanicis
848 4409 1033 4464 idiomatibus
1049 4412 1134 4475 atque
1146 4409 1178 4462 in
1191 4409 1321 4463 umbrica

175 4487 307 4552 museto,
320 4487 352 4540 in
366 4487 472 4556 quibus
487 4488 558 4543 baec
571 4487 694 4543 mutatio
709 4492 874 4556 usurpatur,
891 4504 904 4542 s
923 4489 1097 4546 extremam
1113 4488 1319 4556 monosyllabis

174 4566 247 4622 deut
259 4567 296 4620 in·
304 4566 492 4635 polysyllabis
505 4568 690 4622 adulteratur.
