3276 5482
727 351 884 408 ..eg-

242 463 336 541 lecto,
352 461 484 531 rmedia
499 465 633 548 perstat,
648 459 684 527 in
696 462 823 549 gothica
836 468 940 529 autern
955 461 990 527 in
1001 479 1022 528 z
1035 464 1197 541 mutatur3
1219 460 1253 527 in
1269 455 1386 528 flexio-

243 562 349 640 nibus,
373 560 407 625 in
424 580 510 639 osca,
536 560 618 626 sicut
636 560 670 625 in
692 559 819 647 gothica
838 559 983 637 dialecto,
1002 556 1137 626 smedia
1163 578 1285 645 quoque
1307 558 1342 624 in
1363 576 1384 624 z

242 658 383 735 transit;
410 658 445 723 in
467 658 603 724 caeteris
628 655 755 735 italicis,
784 657 866 724 sicut
890 659 924 723 in
950 657 1140 744 germanicis
1166 655 1381 735 sermonibus,

243 776 341 842 quum
354 754 470 822 radicis
483 774 559 842 pars
573 762 631 831 est,
648 754 736 821 nulla
751 755 806 821 lex
821 761 909 822 certa
920 762 980 835 est,
1005 775 1024 820 e
1043 774 1107 841 qua
1130 774 1147 821 s
1170 759 1310 821 mutetur
1332 752 1385 821 vel

242 859 382 942 perstet;
409 854 463 920 sed
486 854 519 919 iu
539 852 676 920 flexione
696 874 733 919 ea
756 873 878 940 semper
897 854 931 919 in
951 872 974 917 r
988 854 1136 931 vertitur,
1155 854 1246 939 quasi
1258 851 1382 939 lingua,

241 958 278 1019 ut
291 949 464 1018 flexionum
476 940 612 1018 materia
630 972 689 1038 pro
708 952 841 1018 arbitrio
861 952 972 1030 utitur,
995 951 1040 1015 ita
1060 950 1094 1017 in
1113 950 1274 1017 mutandis
1295 948 1385 1017 radi-

241 1049 331 1116 cibus
363 1051 468 1116 minus
499 1054 620 1135 posset,
655 1048 706 1115 vel
735 1055 822 1116 certe
846 1050 936 1135 quasi
960 1047 1080 1136 lingua,
1110 1048 1384 1116 terminationibus

243 1146 352 1213 eodem
374 1154 514 1234 tempore
537 1168 576 1215 ac
597 1147 688 1214 modo
711 1148 841 1214 mutatis
861 1145 1006 1234 singulis,
1025 1145 1209 1233 singulatim
1221 1146 1383 1214 radicibus

242 1244 450 1311 mutationem
473 1244 620 1311 adhibere
643 1250 822 1329 cogeretur,
848 1249 945 1329 atque
966 1241 1107 1309 nondum
1128 1243 1162 1309 in
1185 1243 1383 1311 universiss

242 1342 276 1406 in
295 1362 316 1406 r
334 1348 460 1409 vertere
480 1343 645 1427 potuisset,
667 1348 838 1428 antequam
851 1342 930 1409 haec
943 1341 1067 1428 spirans
1080 1341 1195 1408 mutari
1208 1339 1380 1407 desineret.

285 1439 337 1505 Ex
351 1438 401 1505 his
414 1441 558 1507 cernitur
572 1445 649 1525 quot
663 1447 695 1506 et
708 1459 803 1526 quam
816 1440 927 1506 variae
938 1441 1138 1526 quaestiones
1152 1439 1191 1506 de
1204 1441 1299 1506 unius
1313 1438 1384 1506 soni

242 1535 449 1622 indagatione
476 1537 594 1622 agitari
618 1539 760 1625 possint;
789 1538 866 1604 mihi
888 1546 1074 1626 pergratum
1101 1539 1178 1616 erit,
1208 1539 1235 1604 si
1262 1537 1384 1623 aliquot

241 1654 284 1701 ex
296 1636 342 1702 eis
356 1636 507 1721 expedire
520 1635 663 1717 valuero,
678 1641 774 1722 atque
788 1637 834 1703 ita
853 1637 916 1704 hac
937 1637 1197 1704 commentatione
1217 1653 1384 1723 grammu-

241 1734 325 1799 ticae
348 1735 632 1822 indoeuropearum
655 1738 835 1824 linguarum
862 1737 1097 1825 comparativae
1119 1734 1274 1823 quaedam
1296 1754 1382 1802 nova

240 1830 427 1901 documenta
439 1835 587 1903 attulero.
1357 1865 1360 1871 ·

501 3028 577 3094 Vidi
593 3049 631 3095 ac
644 3028 776 3114 perlegi,

380 3169 512 3226 Lutetiae
526 3168 697 3225 Parisiorum
713 3168 744 3223 in
760 3165 897 3234 Serbona,

379 3284 406 3324 a.
423 3266 450 3323 d.
468 3283 514 3322 mv
528 3266 581 3323 cal.
596 3266 662 3321 len.
679 3281 747 3321 ann.
763 3281 857 3320 unccc
868 3279 959 3332 nxxrv,

536 3391 679 3443 ructuare
693 3393 850 3442 Litterarum
865 3391 892 3441 tn
906 3387 1050 3440 eruderato
1063 3385 1207 3437 rarescere
1221 3383 1345 3445 wacca,

1058 3486 1177 3554 Parus.

500 3718 600 3803 'lypis
616 3716 794 3790 mandetur,

694 3855 855 3909 Academiae
870 3855 1022 3905 Paestana
1036 3853 1129 3913 rector,

943 3953 985 4019 A.
1002 3953 1178 4020 Mounrnu.
