3276 5482
744 393 902 449 -53-

246 502 475 572 Nominativus
486 505 659 592 singularis
669 524 766 593 quum
778 503 813 569 in
825 502 874 568 his
886 500 1177 570 dialectiseradice
1189 502 1306 569 lisine
1317 523 1395 571 con·

246 609 379 669 sonante
400 610 542 671 extrema
560 606 693 682 oriatur,
714 602 874 690 genitivus
887 600 1075 689 dativusque
1090 601 1232 667 feminini
1246 622 1285 668 ac
1297 604 1394 668 trium

244 718 401 787 generum
415 702 577 787 genitivus
591 701 650 769 soli
668 700 895 766 rhotacismum
913 701 946 764 in
962 699 1137 765 vetustiore
1150 700 1317 778 saxonica,
1334 719 1397 766 an-

246 796 456 884 glosaxonica
479 799 679 887 frisianaque
695 796 830 864 dialecto
852 804 1018 885 usurpant.
1046 799 1083 863 In
1105 815 1264 864 norraena
1283 796 1395 884 lingua

246 902 372 962 tantum
386 898 548 982 genitivus
560 897 728 964 femininus
742 894 916 981 singularis
934 895 1083 975 henam,
1105 915 1242 962 -num
1262 893 1395 982 pluralis

246 1011 311 1058 non
336 995 507 1080 reperitur,
529 1031 573 1046 -
598 995 827 1061 rhotacismum
853 1013 929 1059 vere
951 993 1110 1072 ostendit;
1140 994 1174 1059 in
1199 993 1396 1058 nominativo

246 1095 354 1156 autem
374 1091 549 1158 masculino
568 1112 590 1157 r
613 1091 720 1158 littera
741 1090 868 1157 litterae
888 1110 912 1155 η
926 1093 960 1155 in
974 1091 1070 1156 tana
1083 1110 1141 1179 pro
1155 1090 1250 1158 Ιιαην
1272 1089 1397 1156 assimi-

247 1184 314 1253 lata
323 1185 467 1265 videtur3
483 1187 566 1254 idem
579 1189 687 1256 forsan
697 1189 730 1253 in
739 1187 881 1273 genitivo
890 1186 1040 1254 feminino
1048 1188 1188 1255 hennam
1196 1208 1254 1274 pro
1262 1187 1397 1254 decrat·

250 1289 348 1372 atque
362 1286 396 1350 in
409 1285 518 1352 dativo
530 1286 639 1353 tenni
651 1304 710 1372 pro
723 1284 827 1350 tecm
836 1285 957 1351 factum
969 1292 1018 1351 eat
1031 1281 1054 1351 ¹.

290 1381 458 1471 Adjectiva
472 1385 661 1471 possessiva,
676 1403 758 1471 quae
774 1384 808 1448 in
821 1383 950 1470 gothica
962 1383 1074 1470 lingua
1090 1388 1165 1450 sunt

356 1502 399 1546 m.
425 1484 526 1549 meins
726 1482 749 1548 f.
774 1483 878 1548 meina
1076 1503 1110 1549 u.
1136 1483 1274 1549 meinata

427 1582 516 1667 peius
772 1580 863 1662 peina
1136 1581 1262 1668 paiuata

432 1676 531 1764 (seins
774 1679 863 1743 seina
1134 1676 1284 1764 seinata),
1301 1684 1362 1743 etc.

247 1793 344 1861 quum
358 1773 473 1840 fortem
490 1775 638 1862 adjectivi
655 1772 899 1840 declinationem
916 1779 1102 1859 sequantur,
1120 1775 1347 1842 rhotacismum
1361 1776 1395 1842 in

247 1873 423 1939 vetustiore
446 1871 600 1939 theotisca
627 1871 760 1938 dialecto
786 1872 820 1937 in
845 1873 1043 1939 nominativo
1059 1873 1246 1951 masculino,
1264 1875 1345 1940 sicut
1362 1875 1396 1941 in

248 1971 393 2057 genitivo
406 1970 577 2057 dativoque
600 1970 750 2036 feminino
771 1968 927 2056 singulari
947 1977 1044 2058 atque
1058 1972 1091 2037 in
1104 1971 1248 2059 genitivo
1267 1971 1394 2059 plurali,

247 2070 283 2133 iu
296 2071 471 2135 vetustiore
491 2071 655 2147 saxonica,
678 2068 928 2155 anglosaxonica
947 2074 1042 2155 atque
1061 2068 1193 2136 frisiana
1209 2068 1345 2136 dialecto
1362 2071 1397 2136 in

246 2167 391 2252 genitivo
408 2166 580 2254 dativoque
594 2165 745 2232 feminino
763 2164 926 2251 singulari
939 2172 1034 2252 atque
1057 2166 1090 2232 in
1108 2166 1249 2253 genitivo
1266 2166 1393 2255 plurali,

247 2261 378 2329 tandem
392 2265 425 2329 in
439 2283 600 2330 norraena
619 2262 753 2329 dialecto
770 2264 804 2329 in
825 2261 935 2329 iisdem
949 2265 1084 2343 casibus,
1102 2267 1183 2330 sicut
1199 2264 1233 2330 in
1247 2267 1397 2332 nomina-

248 2361 316 2427 tivo
327 2361 502 2429 masculino
516 2360 671 2448 singulari
684 2360 862 2448 pluralique
875 2367 969 2447 atque
981 2362 1014 2427 in
1023 2364 1222 2430 nominativo
1236 2365 1397 2432 accusati-

246 2477 351 2545 voque
372 2460 523 2526 feminino
546 2459 663 2546 plurali
685 2458 866 2526 ostendunt.
892 2462 1044 2526 Attamen
1066 2461 1099 2525 in
1118 2460 1232 2528 ultima
1249 2482 1271 2528 r
1288 2461 1395 2529 littera

245 2554 371 2623 litterae
397 2577 421 2623 a
449 2559 483 2623 in
510 2558 716 2624 nominativis
740 2556 873 2635 mia-a,
899 2557 1016 2644 pinet,
1042 2557 1144 2624 sin-n
1177 2578 1235 2646 pro
1267 2559 1393 2640 mina,

245 2652 361 2736 piar,
388 2655 490 2721 sin-r
512 2656 687 2722 assimilata
708 2661 767 2722 est.

290 2754 420 2821 Primae
433 2774 588 2840 personae
601 2753 735 2840 pluralis
749 2754 961 2841 possessivum
979 2755 1012 2820 in
1031 2755 1207 2821 vetustiore
1226 2758 1392 2835 saxonica,

246 2850 501 2936 anglosaxonica
524 2859 621 2939 atque
647 2851 779 2919 frisiam
802 2850 938 2918 dialecto
961 2872 987 2916 n
1010 2851 1125 2938 perdit,
1149 2858 1244 2937 atque
1268 2853 1336 2920 ideo
1360 2852 1396 2921 flt

246 2967 314 3016 usa
327 2969 408 3028 v.s.,
425 2969 616 3037 numaga,
633 2969 696 3016 uae
709 2951 787 3015 v.fr.
804 2949 905 3015 Juxta
922 2957 1027 3016 autem
1037 2949 1170 3016 formam
1180 2969 1264 3016 usar
1280 2952 1396 3038 anglo-

246 3048 401 3114 saxonica
414 3047 568 3115 dialectus
585 3053 652 3113 tire
665 3049 776 3123 hahet,
794 3047 877 3133 quod
889 3067 907 3112 e
918 3049 1094 3114 mutatione
1107 3046 1232 3114 litterae
1251 3068 1271 3114 e
1282 3050 1315 3114 in
1328 3071 1350 3115 r
1363 3051 1396 3116 in

246 3164 343 3223 aser,
367 3165 390 3210 r
411 3151 554 3211 extrema
573 3143 646 3209 dein
672 3142 801 3230 rejecta,
829 3150 936 3210 ortum
963 3164 1031 3210 esse
1051 3144 1188 3210 videtur.
1215 3145 1334 3213 Contra
1362 3147 1396 3213 in

245 3241 367 3318 formis,
386 3243 420 3307 in
434 3242 547 3328 quibus
561 3242 744 3307 terminatio
762 3242 802 3306 ab
821 3261 840 3307 e
860 3242 1014 3327 incipiens
1029 3261 1114 3309 itaer
1127 3242 1281 3328 sequitur,
1298 3264 1395 3330 ᾳιιιιιιι

247 3359 266 3406 e
280 3339 367 3405 vocis
381 3359 466 3405 usar
479 3337 617 3417 excidat,
635 3357 670 3417 r,
686 3337 845 3405 alitterae
859 3338 966 3404 vicina
983 3338 1080 3416 lacta,
1102 3339 1175 3405 huic
1189 3340 1393 3419 assimilatur,

246 3472 291 3488 -
304 3436 388 3523 quod
401 3457 462 3503 usa
475 3436 542 3514 dat,
560 3473 601 3486 -
617 3443 652 3502 ut
664 3456 738 3524 gen.
755 3456 798 3516 m,
815 3456 924 3514 usses,
941 3436 1015 3503 fem.
1032 3456 1125 3515 usae,
1141 3456 1174 3503 u.
1192 3457 1289 3504 uoces
1302 3436 1328 3506 ².

291 3533 456 3620 Adjectiva
484 3533 747 3610 demonstrativa,
776 3534 858 3599 sicut
885 3534 998 3600 tertiae
1025 3554 1178 3621 personae
1205 3556 1392 3621 pronomen,

252 3652 348 3717 quum
364 3632 475 3698 fortem
495 3632 645 3718 adjectivi
657 3631 898 3697 declinationem
916 3639 1105 3719 sequantur,
1122 3632 1348 3701 rhotacismum
1363 3638 1396 3703 in

248 3730 395 3816 genitivo
415 3729 587 3816 dativoque
610 3730 760 3796 feminino
780 3730 949 3817 singulari,
972 3730 1005 3796 in
1025 3732 1167 3817 genitivo
1181 3734 1275 3797 trium
1295 3754 1395 3820 gene-

247 3848 320 3892 rum
344 3828 470 3914 plurali,
497 3830 530 3893 in
552 3829 896 3914 omnibus-gothica
920 3835 1028 3895 tamen
1051 3837 1182 3916 excepta
1208 3866 1249 3879 —
1270 3853 1396 3918 germa-

249 3926 331 3991 nicis
346 3925 475 4012 linguis,
493 3946 534 3991 ac
546 3934 712 4011 praeterea
731 3927 763 3991 in
783 3927 979 3992 nominativo
1001 3926 1155 4013 singulari
1173 3928 1349 3995 masculino
1361 3931 1394 3997 iu

248 4023 404 4090 theotisca
429 4022 564 4089 dialecto
583 4026 755 4090 vetustiore
777 4043 815 4089 ac
835 4025 1022 4102 recentiore,
1044 4027 1125 4090 sicut
1145 4026 1177 4091 in
1200 4027 1395 4093 nominativo

247 4120 426 4187 masculino
444 4128 475 4186 et
489 4121 638 4187 feminino
660 4127 755 4207 atque
778 4121 810 4186 in
833 4123 1016 4188 accusativo
1038 4123 1189 4189 feminino
1207 4123 1336 4208 plurali,
1361 4127 1395 4191 in

246 4237 405 4285 norraenu
421 4217 555 4284 dialecto
568 4218 750 4285 ostendunt.
774 4216 896 4286 Contra
908 4220 941 4285 in
956 4220 1068 4287 danica
1082 4221 1270 4307 auecicaque
1284 4222 1394 4308 lingua

282 4457 303 4508 t.
321 4456 358 4507 dt.
374 4456 481 4523 llcyue,
495 4455 534 4509 id.
549 4456 600 4509 lli

278 4537 305 4586 7.
321 4534 359 4588 ut.
375 4534 482 4601 Eeyne,
497 4535 534 4588 id.
551 4537 605 4589 337.
621 4562 650 4574 -
664 4537 782 4601 (trimm‚
796 4535 927 4592 umecta
939 4539 1111 4602 commeat,
1129 4538 1176 4602 11⁹,
1190 4539 1301 4594 vostra.

1217 4629 1235 4683 5
