3276 5482
598 395 756 452 -55-

154 508 297 594 ¹Verbum
310 507 473 594 gothicum
486 507 630 592 sequenti
644 503 737 572 modo
750 501 954 589 conjugatur.
984 521 986 524 ’

154 604 186 695 α)
201 605 320 673 Fortis
334 602 575 691 conjugatio¹.
588 639 632 654 -
645 603 765 669 Thema
780 601 897 685 fise-ko
915 597 1076 689 (reperio).

220 702 625 769 lnnrcarrvosrnansnuv.
856 697 1121 766 maturemus.

288 798 394 884 flul-a

288 896 417 980 dnh-is

288 993 424 1081 finni-h

288 1091 444 1174 fluia-m

289 1189 425 1273 fingi-h

290 1284 458 1373 linha-nd
563 1300 565 1304 ·

289 1483 365 1566 fanh

291 1580 394 1648 fans-t

290 1679 367 1761 iant>

291 1777 459 1859 iunio-um

292 1874 450 1959 funh-n-ls

293 1970 453 2054 funt-um

162 2070 192 2158 β)
205 2069 338 2138 Debitio
347 2066 613 2153 conjugatio·-
624 2067 661 2140 ln
670 2066 830 2152 praesenti
839 2065 967 2132 eaedem
976 2067 1213 2136 terminationes
1221 2088 1259 2136 ac

117 2168 232 2236 inforti
239 2168 463 2258 conjugatione
472 2186 603 2252 prorsus
611 2166 831 2252 reperiuntur;
843 2164 1056 2252 inpraetarito
1066 2171 1190 2234 tantum
1199 2166 1260 2234 hoc

116 2262 231 2343 differt,
252 2265 336 2352 quod
357 2261 495 2331 secunda
516 2281 651 2348 persona
664 2261 838 2348 singularis
853 2262 1018 2330 indicativi
1030 2264 1064 2330 in
1076 2283 1094 2330 s
1108 2263 1257 2332 desinat:

116 2370 153 2431 ut
174 2364 353 2431 nos-i-des
379 2361 579 2450 (servabas).
608 2362 711 2449 Igitur
732 2360 956 2441 rhotacismus,
983 2369 1019 2430 ut
1040 2362 1199 2444 videmus,
1226 2365 1260 2431 in

115 2461 192 2528 forti
214 2459 437 2547 conjugatione
465 2458 567 2524 solum
596 2461 630 2525 in
657 2458 797 2526 secunda
821 2478 957 2544 persona
982 2459 1139 2547 singulari
1166 2481 1261 2549 prae-

116 2560 215 2626 sentis
227 2558 390 2625 indicativi
403 2557 660 2645 conjunctiviqne
672 2563 704 2623 et
717 2558 750 2623 in
762 2556 871 2623 eadem
882 2559 1046 2644 praeteriti
1057 2559 1259 2646 conjunctivi,

117 2663 214 2744 atque
242 2659 275 2723 in
303 2656 397 2723 debili
424 2655 644 2743 conjugatione
663 2657 697 2721 in
720 2655 836 2723 eisdem
856 2657 1000 2744 personis
1023 2662 1055 2722 et
1075 2659 1204 2744 insuper
1227 2660 1262 2724 in

117 2754 257 2822 secunda
270 2773 406 2842 persona
419 2754 576 2839 singulari
589 2755 751 2840 praeteriti
772 2754 842 2820 fieri
863 2762 985 2842 potest;
1009 2754 1065 2822 sed
1086 2776 1182 2843 quum
1204 2755 1260 2823 illa

116 2871 134 2919 s
158 2854 192 2918 in
214 2853 389 2920 vetustiore
410 2853 577 2930 theotisca,
602 2853 768 2930 saxonica,
793 2853 1046 2940 anglosaxonica
1067 2853 1261 2939 frisianarpue
1372 2921 1375 2928 ,

118 2949 262 3018 dialectis
288 2957 416 3038 perstet,
445 2951 527 3016 sicut
554 2951 587 3015 in
614 2953 787 3017 vetustiore
815 2951 1012 3018 theotiscae
1042 2953 1162 3038 primae
1187 2949 1261 3038 pln-

117 3047 194 3114 ralis
217 3067 384 3134 personae,
400 3048 433 3111 in
446 3049 495 3113 his
518 3050 715 3115 sermonibus
729 3048 853 3115 nullum
872 3049 906 3114 in
928 3050 1105 3134 praesentis
1119 3054 1150 3115 et
1164 3068 1260 3136 prae-

118 3145 204 3211 teriti
231 3145 455 3210 terminatione
481 3143 661 3231 exemplum
684 3147 869 3212 rhotaeismi
895 3148 1063 3232 reperitur.
1094 3145 1261 3213 Nomaena

118 3249 225 3309 autem
247 3242 357 3328 lingua
378 3241 558 3328 ancipitum
584 3263 602 3310 s
626 3249 769 3309 extrema
792 3246 876 3310 enim
897 3245 931 3309 in
951 3243 1096 3310 omnihus
1116 3245 1261 3330 personis

118 3341 153 3405 in
169 3361 192 3406 r
206 3342 335 3418 transit;
352 3346 531 3426 praeterea,
553 3341 649 3407 tertia
671 3341 838 3408 indicativi
857 3343 1033 3428 praesentis
1053 3361 1188 3427 persona
1210 3363 1262 3408 se-

118 3436 243 3504 cundae
268 3437 453 3516 assimilata,
478 3439 512 3503 in
535 3457 573 3504 ea
596 3440 691 3505 etiarn
716 3460 738 3503 r
760 3447 945 3525 usurpatur.
971 3437 1141 3525 Sequentia
1166 3441 1262 3527 igitur

119 3534 302 3600 rhotacismi
316 3535 461 3619 exempla
475 3534 516 3601 ad
530 3555 683 3601 summam
698 3536 810 3603 debilis
824 3536 1003 3622 conjugatio
1017 3537 1172 3603 ostendit²
1187 3557 1194 3601 :

208 3632 615 3701 Inmonrrvosrnaasnrvs.
819 3634 1084 3702 Consnncrrvos.

319 3730 363 3795 tel
915 3732 989 3798 tel-i

319 3827 408 3892 tel-r
915 3831 1038 3896 tel-i-r·
1152 3863 1158 3875 ·

319 3926 406 3990 tel-r
917 3927 991 3992 tel-i

318 4020 462 4123 tel-ju-rn
916 4025 1043 4092 tel-i-m

154 4286 176 4339 1.
194 4284 315 4339 huelem
330 4285 440 4347 omitto,
454 4283 504 4350 qui
518 4284 548 4337 in
567 4285 687 4338 caeteris
705 4284 876 4351 germanicis
897 4286 1080 4340 sermonibus
1102 4299 1160 4340 non
1182 4300 1262 4354 rene·

122 4364 211 4426 ritur;
226 4365 261 4417 de
278 4365 446 4431 imperativo
461 4377 577 4432 quoque
600 4371 687 4431 atque
711 4364 853 4419 infinitivo
874 4365 924 4432 qui
948 4381 961 4417 s
982 4365 1012 4419 in
1036 4366 1116 4421 nulla
1138 4367 1263 4422 flexione

125 4445 239 4507 hahent,
257 4446 333 4499 sicut
346 4446 381 4498 de
395 4444 544 4513 participio
556 4446 591 4500 do
607 4460 663 4513 quo
677 4459 764 4512 supra
779 4446 923 4513 agebatur,
941 4459 998 4502 non
1013 4447 1124 4514 loquor.

153 4527 178 4577 1.
195 4525 233 4578 ct.
248 4525 354 4591 heyne,
371 4525 408 4580 id.
426 4527 548 4592 175,188,
565 4528 618 4588 teo,
631 4528 686 4590 111,
699 4528 755 4580 111.
