3276 5482
730 384 889 444 45-

287 501 317 568 Α
328 501 453 569 fortiori
466 520 484 569 s
498 498 601 567 media
609 504 743 588 perstat,
755 518 852 584 quum
862 517 1040 564 consonans
1049 518 1133 585 quae
1141 499 1241 567 anteit
1248 497 1384 577 effluxit,

242 599 297 668 vel
317 619 414 687 quum
441 600 474 665 in
499 599 580 666 aliua
605 598 810 665 consonantis
832 595 939 662 locum
962 594 1135 674 sufficitur3
1159 597 1252 664 utin
1276 617 1387 666 eausa

241 717 300 785 pro
314 697 489 777 *caus-sa,
510 699 652 764 clausus
666 715 725 784 pro
739 693 950 775 *clauom
974 696 1081 780 susus
1104 716 1162 781 pro
1184 693 1384 780 *fund-tus,

241 796 325 863 misi
336 816 397 883 pro
409 795 550 875 *mit-si,
571 796 649 863 rasi
662 815 721 881 pro
733 791 882 871 *rud-si,
903 794 979 858 rosi
991 809 1050 879 pro
1063 792 1210 873 *rod-si,
1231 812 1316 862 usus
1329 815 1388 882 pro

241 891 385 971 *ut-tus,
401 899 478 973 eto.;
496 900 592 979 atque
605 895 640 958 in
654 891 930 959 terminationibus
944 909 1026 958 osus
1040 911 1099 978 pro
1113 911 1251 972 ott-sua
1275 893 1387 959 simus

241 1009 299 1078 pro
313 994 464 1058 ttumus
478 999 509 1058 et
522 993 594 1058 sies
606 1010 665 1078 pro
679 990 778 1056 t-ties
794 985 818 1052 ¹.

284 1088 324 1156 In
340 1085 484 1171 flexuris,
499 1091 582 1159 siout
598 1090 633 1156 in
651 1088 853 1168 thematibus,
868 1107 891 1153 r
903 1107 946 1155 ex
958 1107 977 1155 s
990 1092 1062 1155 orta
1075 1094 1135 1168 est,
1152 1089 1186 1156 in
1199 1107 1252 1166 er,
1270 1107 1326 1167 or,
1340 1108 1388 1156 ur

242 1185 319 1276 (sor.
336 1184 398 1277 aa),
415 1195 479 1256 ut:
763 1187 769 1201 ‘

307 1304 513 1372 orep-m-us
765 1284 859 1373 juxta
883 1283 1140 1371 eremus-culum

306 1383 533 1451 mod-er-are
884 1381 1079 1450 mod-es-tus

307 1499 594 1550 reanum-evoro
884 1500 1018 1548 mun-us

307 1581 530 1668 temp-er-ies
884 1583 1093 1666 temp-estas

307 1696 488 1746 uuam-us
731 1675 773 1744 oi.
798 1693 862 1743 sor.
887 1681 1016 1757 ansa-s,
1033 1697 1084 1765 gr.
1102 1675 1194 1756 ὧμ-ος

308 1795 477 1845 aur-oro
797 1791 862 1839 ser.
888 1769 978 1841 us-as

308 1874 517 1944 decor-are
769 1869 865 1957 juxta
887 1869 999 1940 dee-iu

307 1968 506 2041 lab-or-are
885 1967 996 2038 lab-os

301 2069 525 2155 plo-ur-imo
546 2062 670 2135 Inser.¹
889 2064 1061 2153 pl-us-ima
1079 2066 1200 2134 Carnu.
1220 2064 1299 2135 Sal.
1321 2074 1383 2137 ete.

285 2163 375 2234 Siout
397 2168 430 2233 in
452 2163 728 2234 terminationibus
748 2163 877 2240 cvr-ius,
901 2166 1030 2244 er-iue,
1055 2166 1177 2246 ir·ius,
1198 2166 1332 2245 ter-ius,
1352 2168 1387 2233 in

242 2264 358 2352 quibus
370 2262 467 2332 flexio
483 2283 524 2333 as
537 2282 661 2351 quoque
675 2262 849 2341 invenitur,
865 2267 902 2328 ut
919 2282 928 2328 :

303 2362 528 2449 plener-ius
673 2360 768 2448 jusu
792 2359 877 2426 umh.
904 2359 1098 2446 plen-as-ier

308 2461 515 2529 Pin-anius
903 2456 1052 2524 Pin-as-i
1066 2459 1191 2536 Festus,
1207 2481 1238 2547 p.
1254 2457 1320 2527 213

307 2559 477 2626 aior-ius
503 2557 590 2625 Coel.
607 2556 649 2625 ad
662 2556 728 2624 Cio.
899 2556 1062 2622 vi-as-ieis
1078 2556 1117 2624 0.
1138 2557 1169 2623 Ι.
1188 2559 1228 2623 L.
1243 2556 1271 2635 1,
1287 2556 1354 2625 200

306 2657 508 2724 Fal-er-ius
905 2652 1087 2720 Fal-is-ous

306 2751 540 2820 Num-ev-ius
900 2749 1231 2817 Num-isiusMomms.
1244 2751 1268 2829 1,
1281 2771 1310 2837 p.
1320 2749 1387 2817 282

312 2849 514 2920 Vol-er-ius
902 2847 1062 2915 Val-es-ii
1076 2848 1178 2929 Fest,
1201 2869 1234 2936 p.
1255 2849 1297 2917 15

306 2950 520 3036 Pap-irtus
904 2948 1089 3035 Pap-is-ius
1104 2947 1173 3015 Cio,
1188 2948 1259 3034 Ep.
1276 2950 1383 3033 faut„

315 3147 515 3215 Vel-ur-s'us
900 3142 1105 3221 Vet-us-ius,
1130 3143 1202 3211 Liv.
1225 3146 1284 3223 III,
1301 3146 1334 3223 8,
1349 3144 1383 3211 2.

285 3240 407 3312 Contra
416 3266 438 3310 r
448 3244 611 3333 primitiva
623 3243 657 3309 in
668 3241 801 3329 syllabis
813 3261 855 3310 er
867 3239 944 3331 (ser.
958 3242 1027 3331 ar),
1043 3274 1082 3287 -
1092 3261 1147 3323 ro,
1161 3262 1208 3308 ru
1223 3241 1297 3329 (sor.
1312 3242 1384 3330 ru),

242 3377 284 3392 -
305 3346 370 3421 ter,
394 3347 462 3422 tor,
482 3347 544 3409 tur
566 3338 643 3430 (scr.
663 3341 771 3430 toro),
796 3346 829 3408 et
850 3346 917 3420 tro,
940 3346 1001 3407 tro
1023 3337 1100 3428 (sor.
1125 3337 1197 3428 tro)
1216 3341 1384 3427 reperitur,

242 3441 378 3528 quaein
400 3440 624 3516 substantivis,
649 3437 829 3527 adjectivis,
857 3436 1017 3506 adverbiis
1041 3445 1139 3527 atque
1162 3441 1195 3505 in
1219 3438 1387 3525 participio

241 3538 341 3607 futuri
354 3539 451 3606 activi
464 3542 673 3622 usurpantur,
693 3542 752 3604 ut:

307 3655 371 3703 oer
384 3656 443 3723 pro
455 3630 612 3704 ‘oues-er3
789 3631 839 3700 lit.
872 3653 1047 3715 υαε-αν-α,
1060 3655 1110 3724 gr.
1127 3638 1190 3719 ἔαρ,
1206 3655 1264 3726 pro
1277 3633 1385 3720 *btoup

308 3737 448 3818 tva-ter
792 3752 855 3800 scr.
874 3730 1085 3822 blera-tub),
1136 3752 1187 3820 gr.
1236 3734 1383 3817 φρά-τωρ,

915 3837 982 3919 got.
998 3830 1147 3899 brotbur

308 3930 422 3996 iro-ter
774 3949 855 3995 sor.
872 3934 1036 4006 avt-twa,
1052 3937 1119 4020 got.
1136 3929 1278 3998 sto-dar

307 4033 408 4096 teter
791 4032 856 4115 got.
874 4027 1040 4096 bouetbar

276 4309 299 4361 1.
312 4306 350 4360 cr.
365 4307 539 4373 sohteioher,
554 4307 593 4362 in.
606 4308 662 4364 aba.

273 4389 299 4444 2.
316 4388 353 4443 ot
369 4388 498 4454 corssen,
512 4388 550 4444 id.
566 4389 587 4453 1,
600 4391 656 4450 ast,
672 4390 729 4453 att,
744 4391 799 4445 eto.
814 4388 847 4454 ΙΙ,
863 4391 917 4457 127,
930 4394 986 4446 eto.

274 4468 299 4521 3.
318 4471 367 4522 Ver
381 4481 472 4523 unum
488 4482 503 4522 e
517 4469 589 4524 raris
602 4470 749 4525 vocabulis
766 4473 819 4532 est,
837 4468 867 4523 in
883 4470 988 4537 quibus
1001 4485 1014 4522 s
1029 4468 1125 4525 media
1141 4469 1217 4526 inter
1229 4469 1342 4527 vocales
1354 4469 1386 4524 in

243 4547 333 4604 latina
345 4550 444 4616 lingua
455 4548 575 4605 effluxit.
593 4577 621 4589 -
635 4548 673 4604 ci.
688 4550 857 4617 sebteiobsr,
873 4549 912 4604 id.
925 4552 981 4605 266.
