3276 5482
742 347 901 409 „43-

250 480 435 540 aie-sanus,
452 467 513 527 etc.
538 461 659 527 Contra
675 481 704 539 a,
729 481 811 547 quae
833 458 1024 547 simplicium
1044 465 1186 526 extrema
1207 467 1287 540 crat,
1316 462 1350 527 in
1373 482 1394 526 r

250 563 380 639 transit,
397 566 457 626 ut:

426 658 613 725 dir-imore
755 677 813 743 pro
827 654 1008 722 *dis-imore
1022 653 1153 742 (emere)

427 754 596 822 dir-ibere
825 752 1016 820 *dis-bibere
1033 750 1203 841 (habere)¹.

291 853 326 918 2⁰
345 853 592 922 Rbotoca'sm'ur
607 853 646 917 in
659 853 829 937 flacciana.
840 888 878 902 —
892 852 932 918 In
945 852 1052 919 radice
1065 870 1246 938 quanquam
1260 871 1278 918 a
1292 851 1395 920 media

247 951 332 1017 inter
359 949 488 1016 vocales
513 957 608 1036 atque
631 954 706 1015 ante
730 969 767 1015 m
791 957 824 1016 et
849 971 873 1016 n
895 950 948 1017 vel
969 957 1041 1037 post
1064 970 1086 1014 r
1108 949 1292 1035 saepissime
1316 952 1350 1016 in
1373 971 1396 1015 r

247 1052 399 1128 vertitur,
424 1049 561 1115 vidimus
588 1056 695 1114 tamen
720 1067 792 1115 eam
817 1070 940 1136 quoque
973 1068 1201 1136 nonnunquam
1227 1055 1392 1135 perstare;

248 1145 436 1214 inflexione
455 1153 577 1224 contra,
599 1144 712 1212 saltem
729 1147 814 1213 inter
831 1147 968 1226 normes,
991 1166 1146 1234 asemper
1159 1149 1193 1214 in
1206 1167 1227 1213 r
1240 1147 1391 1215 transit⁴.

247 1246 334 1312 Haeo
348 1246 482 1311 mutatio
497 1246 530 1309 in
544 1243 766 1324 declinatione,
784 1247 865 1312 sicut
879 1247 913 1311 in
927 1244 1152 1332 conjugatione
1166 1251 1353 1333 usurpatur.

290 1341 319 1423 α)
337 1345 375 1408 In
388 1344 531 1429 genitivo
544 1341 659 1429 plurali
674 1343 849 1409 thematum
866 1345 992 1430 quaein
1007 1363 1041 1422 a,
1060 1363 1093 1423 o,
1114 1365 1134 1409 e
1147 1343 1307 1423 desinunt,
1332 1365 1394 1432 quo

245 1442 279 1506 in
293 1459 371 1508 casu
384 1461 468 1507 rum
481 1459 540 1528 pro
553 1460 633 1506 sum
650 1439 726 1530 (oso.
743 1460 838 1519 zum,
855 1461 918 1508 sor,
935 1441 1025 1529 rom)
1041 1441 1170 1519 dicitur,
1186 1449 1223 1508 ut
1240 1463 1247 1507 :

377 1558 572 1618 rosarum,
590 1540 831 1624 templorum,
849 1559 1002 1618 re-rum,
1018 1537 1246 1607 bono-ruma

291 1635 320 1717 β)
337 1637 375 1703 ln
389 1638 513 1704 casibus
528 1637 664 1722 obliquis
679 1636 867 1716 thematum,
889 1656 971 1723 quae
989 1638 1022 1702 in
1042 1657 1090 1715 es,
1112 1640 1156 1715 ir,
1178 1657 1228 1716 os,
1249 1657 1293 1704 ur
1314 1636 1389 1724 (sor.

245 1735 297 1824 oo)
313 1735 472 1813 desinunt,
496 1735 611 1822 quibus
624 1735 658 1799 in
672 1734 809 1814 casibus,
832 1736 913 1801 siout
926 1737 961 1802 in
974 1736 1172 1801 nominativo
1186 1743 1282 1824 atque
1296 1757 1394 1803 aoou-

244 1835 347 1901 sativo
365 1833 484 1921 plurali
504 1835 601 1899 trium
618 1851 773 1918 generum
796 1834 1040 1920 accusativoque
1062 1835 1219 1920 singulari
1242 1834 1394 1902 masculi-

244 1955 358 2002 norum
373 1939 405 2000 et
418 1935 655 2012 femininorum,
672 1953 770 2021 quum
783 1952 800 1999 s
815 1932 917 2000 media
931 1932 977 2012 nt,
995 1934 1028 1999 in
1042 1954 1063 1997 r
1077 1936 1224 2013 vertitur,
1242 1941 1278 1999 ut
1293 1954 1300 1998 :

390 2052 510 2121 gan-us
599 2052 672 2119 gen.
689 2033 853 2118 gen-as-is
985 2033 1164 2119 pen-er-ir

244 2131 285 2197 ci.
303 2151 368 2198 scr.
391 2133 510 2220 g'an-as
689 2130 867 2218 gan-as-as

392 2231 488 2307 γέν-ος
672 2225 831 2305 *yso-soor
971 2224 1125 2305 *γεν-ε-ος,
1141 2230 1263 2305 yet-cog.

244 2326 410 2394 Caeterum
422 2326 501 2392 haec
515 2328 650 2392 mutatio
667 2332 845 2413 usurpatur
856 2326 890 2391 in
903 2324 1145 2411 monosyllabis,
1165 2327 1199 2390 in
1217 2325 1331 2410 quibus
1351 2345 1392 2392 aa

245 2444 318 2491 cum
341 2424 449 2491 radice
469 2424 681 2503 contrahitur,
708 2425 790 2490 sicut
810 2425 844 2489 in
863 2422 1084 2511 polysyllabis,
1108 2423 1162 2490 ubi
1182 2442 1223 2489 oa
1243 2443 1262 2489 a
1284 2421 1393 2490 radico

244 2540 370 2608 semper
384 2520 561 2607 sejunctum
575 2526 740 2609 permanet
749 2518 775 2599 ³,
791 2528 828 2588 ut
844 2542 851 2586 :

289 2620 323 2686 1ο
339 2620 373 2686 in
386 2620 615 2706 monosyllabis
631 2643 638 2685 :

332 2738 397 2797 aas,
444 2720 558 2785 ora-ris
751 2718 794 2784 cl.
812 2737 874 2784 scr.
893 2737 1006 2804 ay-as,
1020 2723 1087 2805 got.
1105 2721 1153 2785 aiz

331 2835 413 2895 mas,
443 2816 576 2883 mur-is
812 2816 990 2882 mas-culus

330 2915 401 3001 glis,
439 2913 564 3002 plia-is
810 2934 873 2979 scr.
890 2915 989 2999 gir-is

328 3010 399 3091 flos,
440 3011 560 3097 sior-is
808 3009 976 3077 flos-culus

329 3110 409 3197 glos,
439 3111 568 3197 plor-io
810 3131 860 3196 gr.
876 3111 977 3188 γάλως

330 3228 409 3286 mos,
441 3209 568 3275 moras
810 3207 969 3274 mos-culi.
989 3208 1062 3275 Cat.

330 3327 377 3384 oa,
444 3308 539 3374 or-is
812 3325 874 3371 scr.
892 3314 1002 3392 as-ya,
1020 3306 1179 3372 os-oulum

329 3424 395 3482 ros,
443 3404 555 3470 ror-is
808 3403 857 3469 lit.
874 3423 977 3482 ras-a,
998 3404 1037 3470 sl.
1054 3423 1147 3471 ros-a

305 3575 307 3578 ,
330 3523 414 3581 orna,
440 3503 576 3568 ocur-is
806 3521 870 3568 sor.
887 3501 1028 3580 krav-is,
1045 3505 1154 3585 κρέ-ας,
1170 3500 1368 3570 orna-culum

328 3600 394 3686 jus,
434 3600 555 3686 jur-is
809 3620 872 3665 scr.
887 3591 1005 3686 yiss-as

327 3699 391 3785 jus,
439 3697 554 3781 jur-is
807 3696 930 3784 jus-tus

330 3818 411 3876 mus,
440 3799 575 3863 matr-is
806 3815 857 3881 gr.
875 3802 939 3876 μῦς,
956 3796 1138 3865 mus-culus

330 3895 413 3983 plus,
423 3897 562 3982 plor-ts
579 3893 777 3982 (ple-onir)
797 3893 977 3982 plus-culus

275 4179 296 4230 t.
312 4177 349 4230 Gt.
365 4175 492 4240 Gorssen,
507 4176 542 4230 id.
559 4177 581 4242 l,
594 4180 648 4231 232

271 4259 295 4310 2.
310 4256 521 4324 Nonnunquam
536 4272 593 4322 aas,
606 4261 690 4311 vas-ts
707 4255 779 4310 falso
794 4255 936 4323 excipitur
941 4272 949 4322 ;
964 4256 1074 4312 namin
1088 4256 1143 4311 hac
1158 4268 1255 4311 voces
1272 4256 1386 4322 radicis,

240 4348 300 4391 non
311 4335 451 4402 flexionis,
462 4349 528 4403 pars
543 4342 594 4392 est

272 4417 296 4470 3.
310 4416 459 4483 Biichetcr,
474 4417 616 4472 mandras
631 4417 678 4471 dar
690 4415 863 4470 ambactos
876 4417 1055 4481 Darttmttom
1070 4420 1100 4473 34
1117 4422 1147 4473 et
1159 4419 1198 4472 ll.
1215 4443 1245 4457 -·
1258 4416 1388 4484 curasan,

240 4496 280 4551 id.
297 4497 319 4560 l,
333 4497 389 4550 2³2.
