3276 5482
743 416 902 477 ..56-

451 530 566 599 tel-ia

451 628 543 717 tel-ja

694 724 955 794 Paanrnnrruu.

449 823 553 891 tal-da

450 922 581 990 tul-dir

450 1019 548 1087 tul-di

448 1116 607 1185 tdl-du·m
1045 1114 1185 1183 tel-dim

448 1205 596 1281 vilda-5
842 1293 844 1296 v
1046 1205 1181 1281 taidi-5

448 1312 555 1379 tiil-du
1048 1313 1133 1381 teldi.

294 1412 333 1477 In
346 1412 577 1479 recentioribus
590 1408 792 1476 idiomatibus
804 1427 885 1496 quae
898 1430 916 1475 e
929 1412 1105 1477 vetustiore
1120 1412 1284 1491 theotisca,
1301 1431 1400 1479 saxo-

249 1511 340 1588 nica,
363 1508 614 1595 anglosaxonica
635 1507 831 1593 frisianaque
854 1505 989 1574 dialecto
1011 1509 1160 1576 oriuntur
1187 1510 1399 1577 rhotacismus

250 1609 285 1674 in
311 1606 537 1674 terminatione
563 1625 629 1672 non
656 1612 850 1692 usurpatum
880 1606 914 1670 in
938 1605 1053 1672 danica
1079 1613 1185 1673 autem
1211 1608 1399 1694 sueciaeque

248 1705 371 1792 lingua,
394 1703 530 1771 flexione
550 1704 583 1768 in
604 1704 776 1789 praeterito
796 1702 965 1770 indicativi
983 1704 1239 1792 subjunctivique
1254 1712 1351 1793 atque
1364 1708 1397 1772 in

249 1804 411 1892 praesenti
425 1803 620 1891 subjunctivi
638 1807 773 1879 mutata,
789 1799 1001 1868 rhotacismus
1013 1803 1047 1870 in
1061 1804 1110 1869 his
1123 1804 1316 1890 temporibus
1331 1823 1397 1871 non

248 1903 423 1990 reperitur;
441 1900 543 1968 sedin
557 1899 720 1965 indicativi
735 1900 896 1985 praesenti
910 1901 1058 1986 perstitit,
1073 1901 1278 1987 quodetiam,
1293 1900 1398 1988 prima

238 2021 385 2089 ,persona
399 1997 555 2066 secundae
567 1996 743 2082 tertiaeque
755 1997 941 2075 assimilata,
958 2000 990 2064 in
1004 1999 1106 2066 tribus
1116 2020 1154 2066 eo
1166 2001 1276 2076 utitur,
1300 2020 1397 2066 nam-

249 2118 311 2185 que
328 2099 375 2165 sic
388 2097 593 2164 declinatur:
613 2115 640 2160 s.
655 2093 713 2180 jag
725 2093 861 2178 tel-jer,
877 2094 919 2160 du
936 2096 1074 2180 tel-jer,
1091 2096 1157 2162 han
1172 2097 1292 2182 tel-jer
1304 2095 1328 2164 ¹.

292 2197 325 2265 Si
337 2196 430 2262 fortis
443 2192 592 2261 debilisve
614 2193 797 2279 conjugatio
819 2192 1002 2279 germanica
1024 2195 1227 2278 paucissima,
1251 2201 1287 2260 ut
1308 2194 1396 2261 vidi-

248 2314 329 2371 mus,
348 2294 381 2358 in
395 2292 618 2359 terminatione
631 2288 815 2355 rhotacismi
828 2288 972 2376 exempla
986 2290 1144 2367 ostendat,
1159 2311 1240 2378 quae
1252 2293 1350 2358 etiam
1361 2295 1395 2359 in

247 2410 312 2458 uno
332 2410 477 2458 sermone
494 2394 679 2464 occurrunt,
703 2393 816 2454 contra
829 2388 862 2451 in
875 2387 982 2454 verbis
996 2389 1130 2456 iortibus
1144 2409 1277 2455 numero
1289 2391 1397 2476 sylla·

247 2488 360 2556 berum
372 2488 546 2575 imparibus
558 2485 650 2573 plura
665 2486 880 2570 reperiuntur,
905 2485 938 2550 in
960 2487 1084 2573 quibus,
1106 2505 1264 2553 norraena
1282 2486 1396 2575 lingua

248 2606 286 2652 ac
303 2586 478 2652 recentiore
491 2583 646 2651 theotisca
660 2584 814 2669 exceptis
840 2583 934 2649 simul
956 2603 974 2649 s
994 2585 1027 2649 in
1047 2583 1275 2670 monosyllabis
1296 2590 1395 2672 atque

247 2702 270 2747 r
282 2683 315 2748 in
330 2680 537 2770 polysyllabis
550 2680 724 2758 invenitur,
748 2678 780 2744 id
796 2687 846 2746 est
865 2700 883 2746 s
906 2682 940 2746 in
959 2683 1110 2749 extremis
1123 2682 1289 2748 vocabulis
1303 2702 1396 2767 pers-

247 2781 321 2858 titit,
338 2782 373 2847 in
386 2779 495 2846 mediis
508 2784 614 2845 autam
628 2779 661 2843 in
675 2798 697 2843 r
710 2777 847 2844 transiit.
866 2779 965 2844 Verbi
978 2779 1097 2866 gothici
1114 2780 1246 2846 kiusan
1263 2786 1394 2865 praete-

245 2880 342 2946 ritum
355 2877 510 2946 theotisca
524 2877 652 2942 dioran
665 2873 816 2941 collatum
830 2874 888 2941 has
903 2876 1093 2942 mutationes
1107 2876 1291 2943 illustrabit.

480 2972 562 3040 Gor.
986 2973 1030 3040 V.
1047 2992 1167 3041 unum.

356 3072 439 3140 kaus
614 3069 751 3157 hus-jan
925 3069 985 3137 luis
1162 3072 1265 3137 kur-i

355 3170 471 3237 kaus-t
615 3167 760 3235 lius-eis
930 3169 1015 3235 duri
1167 3169 1287 3235 kunde

356 3266 439 3334 kaus
614 3264 705 3332 hue-i
927 3266 986 3333 kds
1163 3267 1268 3333 kur-i

355 3363 490 3430 lius-um
612 3359 776 3427 kas-eima
923 3362 1111 3430 kur-umes
1162 3364 1339 3431 bur-cmm

355 3460 478 3545 hus-up
615 3458 744 3542 kus-eip
929 3459 1057 3527 bur-ut
1165 3462 1279 3527 kur-it

357 3558 482 3625 kun-un
615 3556 787 3623 kus-ei-na
930 3558 1066 3624 kur-un
1165 3559 1289 3624 kur-in

246 3655 326 3724 Item
342 3656 377 3721 in
390 3657 564 3742 praeterito
577 3655 746 3742 participio

487 3754 619 3820 kiusans
973 3751 1142 3818 korane'r.

287 3850 407 3918 Eodem
420 3850 511 3916 modo
525 3849 687 3936 sequentia
700 3849 853 3915 theotisca
869 3848 968 3914 verba
983 3848 1185 3916 declinantur
1203 3871 1210 3915 :
1253 3920 1258 3929 ,

241 3949 333 4037 jesan
346 3946 624 4034 (fermentescere),
639 3947 700 4032 jas,
710 3946 804 4031 jari,
817 3945 1070 4032 jasjarumes,
1087 3954 1148 4013 etc.
1162 3946 1316 4030 joraocr

243 4050 344 4115 nisan
361 4047 521 4136 (servari),
546 4065 616 4124 nas,
633 4045 729 4123 nari,
746 4063 816 4121 nas,
833 4049 1012 4123 ndrumes,
1029 4050 1090 4110 etc.
1110 4044 1270 4111 celanda

242 4146 345 4212 liosan
361 4143 529 4230 (perdere),
553 4144 612 4223 los,
629 4142 714 4221 luri,
730 4141 788 4218 lds,
808 4143 979 4220 durantes,
996 4148 1057 4209 etc.
1074 4144 1223 4209 loroner

243 4251 332 4309 risen
347 4242 517 4331 (surgere),
533 4245 607 4318 reis,
625 4241 706 4320 riri,
722 4241 797 4317 reis,
812 4240 979 4318 urucas,
997 4247 1057 4306 etc.
1075 4241 1222 4307 rtrandr

244 4343 364 4408 triosan
378 4339 529 4430 (cadere),
555 4348 634 4418 tros,
647 4340 755 4417 truci,
770 4345 849 4417 tros,
864 4344 1059 4416 trorume's,
1074 4344 1134 4406 etc.
1153 4343 1321 4405 trorane'r

276 4550 298 4601 i.
315 4547 432 4612 (irimm,
450 4549 577 4601 neuhale
590 4549 762 4613 ordumel,
775 4546 822 4613 11¹,
835 4549 889 4606 917,
905 4549 960 4601 921.
