<?xml version="1.0" encoding="UTF-8"?>
<!DOCTYPE html PUBLIC "-//W3C//DTD XHTML 1.0 Transitional//EN"
    "http://www.w3.org/TR/xhtml1/DTD/xhtml1-transitional.dtd">
<html xmlns="http://www.w3.org/1999/xhtml" xml:lang="en" lang="en">
 <head>
  <title>
</title>
<meta http-equiv="Content-Type" content="text/html;charset=utf-8" />
  <meta name='ocr-system' content='tesseract 3.04.00' />
  <meta name='ocr-capabilities' content='ocr_page ocr_carea ocr_par ocr_line ocrx_word'/>
</head>
<body>
  <div class='ocr_page' id='page_1' title='image "./derhotacismoini00joregoog_0050.png"; bbox 0 0 3276 5482; ppageno 0'>
   <div class='ocr_carea' id='block_1_1' title="bbox 235 351 1277 554">
    <p class='ocr_par' dir='ltr' id='par_1_1' title="bbox 235 351 1277 554">
     <span class='ocr_line' id='line_1_1' title="bbox 680 351 840 412; baseline 0 -17"><span class='ocrx_word' id='word_1_1' title='bbox 680 351 840 412; x_wconf 65' lang='grc'>..31-</span> 
     </span>
     <span class='ocr_line' id='line_1_2' title="bbox 235 441 1277 554; baseline 0.002 -24"><span class='ocrx_word' id='word_1_2' title='bbox 235 441 375 551; x_wconf 76' lang='lat' dir='ltr'>uroeitu</span> <span class='ocrx_word' id='word_1_3' title='bbox 521 464 580 531; x_wconf 88' lang='lat' dir='ltr'>lat.</span> <span class='ocrx_word' id='word_1_4' title='bbox 605 464 754 531; x_wconf 88' lang='lat' dir='ltr'>advehito</span> <span class='ocrx_word' id='word_1_5' title='bbox 830 463 961 554; x_wconf 73' lang='lat' dir='ltr'>orbani</span> <span class='ocrx_word' id='word_1_6' title='bbox 1049 463 1107 531; x_wconf 86' lang='lat' dir='ltr'>lat.</span> <span class='ocrx_word' id='word_1_7' title='bbox 1132 466 1277 532; x_wconf 83' lang='lat' dir='ltr'>occinere</span> 
     </span>
    </p>
   </div>
   <div class='ocr_carea' id='block_1_2' title="bbox 190 561 1336 4260">
    <p class='ocr_par' dir='ltr' id='par_1_2' title="bbox 190 561 1336 4260">
     <span class='ocr_line' id='line_1_3' title="bbox 232 561 1282 650; baseline 0.003 -23"><span class='ocrx_word' id='word_1_8' title='bbox 232 563 399 648; x_wconf 58' lang='lat' dir='ltr'>ecfertur</span> <span class='ocrx_word' id='word_1_9' title='bbox 604 561 748 630; x_wconf 76' lang='lat' dir='ltr'><strong>adfertur</strong></span> <span class='ocrx_word' id='word_1_10' title='bbox 831 563 1024 650; x_wconf 65' lang='lat' dir='ltr'>arputrari</span> <span class='ocrx_word' id='word_1_11' title='bbox 1131 562 1282 631; x_wconf 87' lang='lat' dir='ltr'>arbitrari</span> 
     </span>
     <span class='ocr_line' id='line_1_4' title="bbox 191 654 585 745; baseline 0.008 -22"><span class='ocrx_word' id='word_1_12' title='bbox 191 654 222 745; x_wconf 84' lang='grc' dir='ltr'>β)</span> <span class='ocrx_word' id='word_1_13' title='bbox 238 660 323 725; x_wconf 91' lang='lat' dir='ltr'>inter</span> <span class='ocrx_word' id='word_1_14' title='bbox 336 659 415 725; x_wconf 87' lang='lat' dir='ltr'>duas</span> <span class='ocrx_word' id='word_1_15' title='bbox 428 658 558 726; x_wconf 90' lang='lat' dir='ltr'>vocales</span> <span class='ocrx_word' id='word_1_16' title='bbox 576 680 585 725; x_wconf 76' lang='grc' dir='ltr'>ε</span> 
     </span>
     <span class='ocr_line' id='line_1_5' title="bbox 234 755 1187 845; baseline 0.002 -23"><span class='ocrx_word' id='word_1_17' title='bbox 234 755 415 844; x_wconf 66' lang='lat' dir='ltr'>Akerunie</span> <span class='ocrx_word' id='word_1_18' title='bbox 520 757 577 824; x_wconf 85' lang='lat' dir='ltr'>lat.</span> <span class='ocrx_word' id='word_1_19' title='bbox 601 756 772 842; x_wconf 81' lang='lat' dir='ltr'>Aquilonia</span> <span class='ocrx_word' id='word_1_20' title='bbox 824 775 934 845; x_wconf 67' lang='lat' dir='ltr'>perf-e</span> <span class='ocrx_word' id='word_1_21' title='bbox 1047 778 1112 825; x_wconf 89' lang='lat' dir='ltr'>osc.</span> <span class='ocrx_word' id='word_1_22' title='bbox 1133 757 1187 845; x_wconf 94' lang='lat' dir='ltr'>pid</span> 
     </span>
     <span class='ocr_line' id='line_1_6' title="bbox 234 853 1211 942; baseline 0.001 -23"><span class='ocrx_word' id='word_1_23' title='bbox 234 853 385 940; x_wconf 72' lang='lat' dir='ltr'>valerus</span> <span class='ocrx_word' id='word_1_24' title='bbox 601 853 736 920; x_wconf 92' lang='lat' dir='ltr'>callidus</span> <span class='ocrx_word' id='word_1_25' title='bbox 824 855 927 942; x_wconf 65' lang='lat' dir='ltr'>pir-e</span> <span class='ocrx_word' id='word_1_26' title='bbox 1051 854 1109 922; x_wconf 88' lang='lat' dir='ltr'>lat.</span> <span class='ocrx_word' id='word_1_27' title='bbox 1135 853 1211 941; x_wconf 89' lang='lat' dir='ltr'>quid</span> 
     </span>
     <span class='ocr_line' id='line_1_7' title="bbox 234 951 1253 1039; baseline 0.003 -21"><span class='ocrx_word' id='word_1_28' title='bbox 234 951 335 1038; x_wconf 47' lang='lat' dir='ltr'>euseb</span> <span class='ocrx_word' id='word_1_29' title='bbox 521 972 587 1021; x_wconf 88' lang='lat' dir='ltr'>osc.</span> <span class='ocrx_word' id='word_1_30' title='bbox 602 952 698 1030; x_wconf 87' lang='lat' dir='ltr'>id-ik‚</span> <span class='ocrx_word' id='word_1_31' title='bbox 708 953 765 1020; x_wconf 86' lang='lat' dir='ltr'>lat.</span> <span class='ocrx_word' id='word_1_32' title='bbox 777 951 808 1018; x_wconf 96' lang='lat' dir='ltr'>id</span> <span class='ocrx_word' id='word_1_33' title='bbox 830 957 959 1039; x_wconf 68' lang='lat' dir='ltr'>ter-ast</span> <span class='ocrx_word' id='word_1_34' title='bbox 1131 951 1253 1021; x_wconf 76' lang='lat' dir='ltr'>dederit</span> 
     </span>
     <span class='ocr_line' id='line_1_8' title="bbox 233 1048 765 1137; baseline 0.008 -23"><span class='ocrx_word' id='word_1_35' title='bbox 233 1048 386 1136; x_wconf 70' lang='lat' dir='ltr'>kapirus</span> <span class='ocrx_word' id='word_1_36' title='bbox 601 1049 765 1137; x_wconf 79' lang='lat' dir='ltr'>capidibus</span> 
     </span>
     <span class='ocr_line' id='line_1_9' title="bbox 191 1144 574 1233; baseline 0.005 -21"><span class='ocrx_word' id='word_1_37' title='bbox 191 1144 223 1233; x_wconf 82' lang='grc' dir='ltr'>γ)</span> <span class='ocrx_word' id='word_1_38' title='bbox 247 1147 285 1213; x_wconf 92' lang='lat' dir='ltr'>In</span> <span class='ocrx_word' id='word_1_39' title='bbox 298 1149 387 1215; x_wconf 78' lang='lat' dir='ltr'>uocis</span> <span class='ocrx_word' id='word_1_40' title='bbox 401 1149 449 1215; x_wconf 86' lang='lat' dir='ltr'>ad</span> <span class='ocrx_word' id='word_1_41' title='bbox 462 1149 551 1216; x_wconf 84' lang='lat' dir='ltr'>exitu</span> <span class='ocrx_word' id='word_1_42' title='bbox 567 1171 574 1214; x_wconf 94' lang='lat'><strong>:</strong></span> 
     </span>
     <span class='ocr_line' id='line_1_10' title="bbox 434 1246 1092 1334; baseline 0 -22"><span class='ocrx_word' id='word_1_43' title='bbox 434 1264 597 1334; x_wconf 59' lang='lat' dir='ltr'>asumear</span> <span class='ocrx_word' id='word_1_44' title='bbox 946 1246 987 1313; x_wconf 90' lang='lat' dir='ltr'>ad</span> <span class='ocrx_word' id='word_1_45' title='bbox 1000 1265 1092 1314; x_wconf 90' lang='lat' dir='ltr'>aram</span> 
     </span>
     <span class='ocr_line' id='line_1_11' title="bbox 232 1339 1336 1431; baseline 0.002 -24"><span class='ocrx_word' id='word_1_46' title='bbox 232 1339 292 1407; x_wconf 91' lang='lat' dir='ltr'>Sed</span> <span class='ocrx_word' id='word_1_47' title='bbox 315 1340 368 1408; x_wconf 90' lang='lat' dir='ltr'>hic</span> <span class='ocrx_word' id='word_1_48' title='bbox 387 1361 484 1409; x_wconf 90' lang='lat' dir='ltr'>sonus</span> <span class='ocrx_word' id='word_1_49' title='bbox 499 1344 583 1410; x_wconf 89' lang='lat' dir='ltr'>inter</span> <span class='ocrx_word' id='word_1_50' title='bbox 603 1364 625 1409; x_wconf 84' lang='lat' dir='ltr'>r</span> <span class='ocrx_word' id='word_1_51' title='bbox 647 1350 679 1410; x_wconf 89' lang='lat' dir='ltr'>et</span> <span class='ocrx_word' id='word_1_52' title='bbox 691 1362 710 1410; x_wconf 84' lang='lat' dir='ltr'>s</span> <span class='ocrx_word' id='word_1_53' title='bbox 724 1341 844 1410; x_wconf 90' lang='lat' dir='ltr'>medius</span> <span class='ocrx_word' id='word_1_54' title='bbox 862 1342 990 1410; x_wconf 75' lang='lat' dir='ltr'>landun</span> <span class='ocrx_word' id='word_1_55' title='bbox 1005 1343 1159 1410; x_wconf 76' lang='lat' dir='ltr'>tremulae</span> <span class='ocrx_word' id='word_1_56' title='bbox 1172 1363 1193 1408; x_wconf 87' lang='lat' dir='ltr'>r</span> <span class='ocrx_word' id='word_1_57' title='bbox 1205 1362 1336 1431; x_wconf 87' lang='lat' dir='ltr'>prorsus</span> 
     </span>
     <span class='ocr_line' id='line_1_12' title="bbox 190 1439 1140 1526; baseline 0 -21"><span class='ocrx_word' id='word_1_58' title='bbox 190 1439 383 1507; x_wconf 89' lang='lat' dir='ltr'>assimilatus</span> <span class='ocrx_word' id='word_1_59' title='bbox 398 1441 471 1520; x_wconf 84' lang='lat' dir='ltr'>fuit,</span> <span class='ocrx_word' id='word_1_60' title='bbox 488 1443 623 1509; x_wconf 86' lang='lat' dir='ltr'>sicutex</span> <span class='ocrx_word' id='word_1_61' title='bbox 635 1441 894 1526; x_wconf 80' lang='lat' dir='ltr'>inscriptionibus</span> <span class='ocrx_word' id='word_1_62' title='bbox 906 1443 1064 1520; x_wconf 87' lang='lat' dir='ltr'>cernitur;</span> <span class='ocrx_word' id='word_1_63' title='bbox 1080 1447 1116 1507; x_wconf 89' lang='lat' dir='ltr'>ut</span> <span class='ocrx_word' id='word_1_64' title='bbox 1133 1461 1140 1504; x_wconf 75' lang='grc' dir='ltr'><strong><em>ε</em></strong></span> 
     </span>
     <span class='ocr_line' id='line_1_13' title="bbox 321 1536 1201 1628; baseline 0.002 -23"><span class='ocrx_word' id='word_1_65' title='bbox 321 1536 462 1606; x_wconf 57' lang='lat' dir='ltr'>crustu</span> <span class='ocrx_word' id='word_1_66' title='bbox 631 1539 725 1627; x_wconf 87' lang='lat' dir='ltr'>juxta</span> <span class='ocrx_word' id='word_1_67' title='bbox 741 1540 880 1628; x_wconf 67' lang='lat' dir='ltr'>aroeitu</span> <span class='ocrx_word' id='word_1_68' title='bbox 1052 1538 1201 1607; x_wconf 85' lang='lat' dir='ltr'>advehito</span> 
     </span>
     <span class='ocr_line' id='line_1_14' title="bbox 323 1636 1216 1726; baseline 0 -23"><span class='ocrx_word' id='word_1_69' title='bbox 323 1639 488 1721; x_wconf 82' lang='lat' dir='ltr'>arfertur</span> <span class='ocrx_word' id='word_1_70' title='bbox 739 1638 904 1726; x_wconf 49' lang='lat' dir='ltr'>affertur</span> <span class='ocrx_word' id='word_1_71' title='bbox 1050 1636 1216 1704; x_wconf 68' lang='lat' dir='ltr'>adfenura</span> 
     </span>
     <span class='ocr_line' id='line_1_15' title="bbox 236 1733 1335 1822; baseline 0.001 -22"><span class='ocrx_word' id='word_1_72' title='bbox 236 1736 273 1800; x_wconf 94' lang='lat' dir='ltr'>ln</span> <span class='ocrx_word' id='word_1_73' title='bbox 284 1736 399 1821; x_wconf 83' lang='lat' dir='ltr'>priscis</span> <span class='ocrx_word' id='word_1_74' title='bbox 410 1733 529 1802; x_wconf 89' lang='lat' dir='ltr'>latinae</span> <span class='ocrx_word' id='word_1_75' title='bbox 540 1735 671 1822; x_wconf 85' lang='lat' dir='ltr'>linguae</span> <span class='ocrx_word' id='word_1_76' title='bbox 688 1736 900 1802; x_wconf 88' lang='lat' dir='ltr'>monumentis</span> <span class='ocrx_word' id='word_1_77' title='bbox 921 1736 1018 1802; x_wconf 89' lang='lat' dir='ltr'>etiam</span> <span class='ocrx_word' id='word_1_78' title='bbox 1039 1736 1119 1802; x_wconf 89' lang='lat' dir='ltr'>haec</span> <span class='ocrx_word' id='word_1_79' title='bbox 1132 1735 1258 1803; x_wconf 84' lang='lat' dir='ltr'>litterae</span> <span class='ocrx_word' id='word_1_80' title='bbox 1271 1756 1288 1803; x_wconf 88' lang='lat' dir='ltr'>s</span> <span class='ocrx_word' id='word_1_81' title='bbox 1302 1738 1335 1801; x_wconf 90' lang='lat' dir='ltr'>in</span> 
     </span>
     <span class='ocr_line' id='line_1_16' title="bbox 192 1832 1336 1920; baseline 0.003 -24"><span class='ocrx_word' id='word_1_82' title='bbox 192 1851 214 1896; x_wconf 82' lang='lat' dir='ltr'>r</span> <span class='ocrx_word' id='word_1_83' title='bbox 228 1832 363 1900; x_wconf 88' lang='lat' dir='ltr'>mutatio</span> <span class='ocrx_word' id='word_1_84' title='bbox 376 1852 470 1920; x_wconf 88' lang='lat' dir='ltr'>saepe</span> <span class='ocrx_word' id='word_1_85' title='bbox 483 1838 675 1919; x_wconf 86' lang='lat' dir='ltr'>usurpatur;</span> <span class='ocrx_word' id='word_1_86' title='bbox 693 1857 711 1894; x_wconf 85' lang='lat'><strong>‹</strong></span> <span class='ocrx_word' id='word_1_87' title='bbox 725 1835 938 1920; x_wconf 83' lang='lat' dir='ltr'>antiquissimi</span> <span class='ocrx_word' id='word_1_88' title='bbox 946 1854 1006 1920; x_wconf 94' lang='lat' dir='ltr'>pro</span> <span class='ocrx_word' id='word_1_89' title='bbox 1020 1835 1068 1901; x_wconf 85' lang='lat' dir='ltr'>ad</span> <span class='ocrx_word' id='word_1_90' title='bbox 1082 1834 1336 1920; x_wconf 82' lang='lat' dir='ltr'>frequentissime</span> 
     </span>
     <span class='ocr_line' id='line_1_17' title="bbox 192 1929 1336 2020; baseline 0.004 -25"><span class='ocrx_word' id='word_1_91' title='bbox 192 1949 237 1996; x_wconf 85' lang='lat' dir='ltr'>or</span> <span class='ocrx_word' id='word_1_92' title='bbox 250 1930 423 2018; x_wconf 88' lang='lat' dir='ltr'>ponebant,</span> <span class='ocrx_word' id='word_1_93' title='bbox 446 1957 463 1993; x_wconf 83' lang='lat'><strong>»</strong></span> <span class='ocrx_word' id='word_1_94' title='bbox 479 1933 582 2018; x_wconf 88' lang='lat' dir='ltr'>inquit</span> <span class='ocrx_word' id='word_1_95' title='bbox 596 1933 782 2000; x_wconf 87' lang='lat' dir='ltr'>Priscianus</span> <span class='ocrx_word' id='word_1_96' title='bbox 791 1929 817 1997; x_wconf 79' lang='lat'>².</span> <span class='ocrx_word' id='word_1_97' title='bbox 841 1933 920 2020; x_wconf 83' lang='lat' dir='ltr'>Ejus</span> <span class='ocrx_word' id='word_1_98' title='bbox 938 1931 1176 2018; x_wconf 82' lang='lat' dir='ltr'>depravationis</span> <span class='ocrx_word' id='word_1_99' title='bbox 1193 1931 1336 2020; x_wconf 85' lang='lat' dir='ltr'>exempla</span> 
     </span>
     <span class='ocr_line' id='line_1_18' title="bbox 191 2029 1332 2119; baseline 0.002 -23"><span class='ocrx_word' id='word_1_100' title='bbox 191 2029 389 2116; x_wconf 84' lang='lat' dir='ltr'>potissimum</span> <span class='ocrx_word' id='word_1_101' title='bbox 411 2032 446 2096; x_wconf 93' lang='lat' dir='ltr'>in</span> <span class='ocrx_word' id='word_1_102' title='bbox 465 2029 741 2100; x_wconf 77' lang='lat' dir='ltr'>senatusconsulto</span> <span class='ocrx_word' id='word_1_103' title='bbox 767 2030 807 2097; x_wconf 91' lang='lat' dir='ltr'>de</span> <span class='ocrx_word' id='word_1_104' title='bbox 836 2029 1089 2098; x_wconf 82' lang='lat' dir='ltr'>Bacchanalibus</span> <span class='ocrx_word' id='word_1_105' title='bbox 1111 2032 1332 2119; x_wconf 89' lang='lat' dir='ltr'>reperiuntur;</span> 
     </span>
     <span class='ocr_line' id='line_1_19' title="bbox 191 2128 1336 2216; baseline 0.003 -23"><span class='ocrx_word' id='word_1_106' title='bbox 191 2145 258 2194; x_wconf 84' lang='lat' dir='ltr'>aon</span> <span class='ocrx_word' id='word_1_107' title='bbox 273 2148 348 2195; x_wconf 89' lang='lat' dir='ltr'>raro</span> <span class='ocrx_word' id='word_1_108' title='bbox 359 2148 495 2216; x_wconf 88' lang='lat' dir='ltr'>quoque,</span> <span class='ocrx_word' id='word_1_109' title='bbox 511 2136 547 2195; x_wconf 92' lang='lat' dir='ltr'>ut</span> <span class='ocrx_word' id='word_1_110' title='bbox 560 2129 688 2215; x_wconf 88' lang='lat' dir='ltr'>quidam</span> <span class='ocrx_word' id='word_1_111' title='bbox 700 2129 756 2196; x_wconf 88' lang='lat' dir='ltr'>alii</span> <span class='ocrx_word' id='word_1_112' title='bbox 769 2128 932 2212; x_wconf 75' lang='grc' dir='ltr'>ἀρχαισμοὶ,</span> <span class='ocrx_word' id='word_1_113' title='bbox 945 2132 979 2196; x_wconf 90' lang='lat' dir='ltr'>in</span> <span class='ocrx_word' id='word_1_114' title='bbox 992 2129 1075 2197; x_wconf 91' lang='lat' dir='ltr'>libro</span> <span class='ocrx_word' id='word_1_115' title='bbox 1084 2129 1216 2196; x_wconf 88' lang='lat' dir='ltr'>Catonis</span> <span class='ocrx_word' id='word_1_116' title='bbox 1228 2130 1282 2196; x_wconf 88' lang='lat' dir='ltr'>De</span> <span class='ocrx_word' id='word_1_117' title='bbox 1295 2148 1336 2197; x_wconf 83' lang='lat' dir='ltr'>re</span> 
     </span>
     <span class='ocr_line' id='line_1_20' title="bbox 191 2225 1336 2317; baseline 0.003 -26"><span class='ocrx_word' id='word_1_118' title='bbox 191 2225 327 2291; x_wconf 72' lang='lat' dir='ltr'>ruratica</span> <span class='ocrx_word' id='word_1_119' title='bbox 340 2232 534 2304; x_wconf 81' lang='lat' dir='ltr'>occurrunt3</span> <span class='ocrx_word' id='word_1_120' title='bbox 548 2246 594 2294; x_wconf 85' lang='lat' dir='ltr'>ar</span> <span class='ocrx_word' id='word_1_121' title='bbox 606 2227 702 2295; x_wconf 89' lang='lat' dir='ltr'>etiam</span> <span class='ocrx_word' id='word_1_122' title='bbox 713 2246 772 2314; x_wconf 92' lang='lat' dir='ltr'>pro</span> <span class='ocrx_word' id='word_1_123' title='bbox 786 2228 834 2294; x_wconf 86' lang='lat' dir='ltr'>ad</span> <span class='ocrx_word' id='word_1_124' title='bbox 848 2229 882 2295; x_wconf 90' lang='lat' dir='ltr'>in</span> <span class='ocrx_word' id='word_1_125' title='bbox 895 2228 1022 2305; x_wconf 87' lang='lat' dir='ltr'>Plauto,</span> <span class='ocrx_word' id='word_1_126' title='bbox 1036 2227 1091 2294; x_wconf 88' lang='lat' dir='ltr'>sed</span> <span class='ocrx_word' id='word_1_127' title='bbox 1100 2226 1203 2295; x_wconf 93' lang='lat' dir='ltr'>solum</span> <span class='ocrx_word' id='word_1_128' title='bbox 1216 2229 1249 2294; x_wconf 93' lang='lat' dir='ltr'>in</span> <span class='ocrx_word' id='word_1_129' title='bbox 1263 2229 1336 2317; x_wconf 82' lang='lat' dir='ltr'>qui-</span> 
     </span>
     <span class='ocr_line' id='line_1_21' title="bbox 191 2319 1336 2415; baseline 0.007 -29"><span class='ocrx_word' id='word_1_130' title='bbox 191 2319 327 2389; x_wconf 89' lang='lat' dir='ltr'>busdam</span> <span class='ocrx_word' id='word_1_131' title='bbox 344 2324 498 2411; x_wconf 85' lang='lat' dir='ltr'>exemplis</span> <span class='ocrx_word' id='word_1_132' title='bbox 511 2325 683 2393; x_wconf 82' lang='lat' dir='ltr'>invenitur.</span> <span class='ocrx_word' id='word_1_133' title='bbox 701 2326 790 2395; x_wconf 89' lang='lat' dir='ltr'>Haeo</span> <span class='ocrx_word' id='word_1_134' title='bbox 802 2333 907 2393; x_wconf 89' lang='lat' dir='ltr'>autem</span> <span class='ocrx_word' id='word_1_135' title='bbox 922 2327 1055 2395; x_wconf 84' lang='lat' dir='ltr'>mutatio</span> <span class='ocrx_word' id='word_1_136' title='bbox 1068 2328 1265 2414; x_wconf 88' lang='lat' dir='ltr'>potissimum</span> <span class='ocrx_word' id='word_1_137' title='bbox 1277 2348 1336 2415; x_wconf 94' lang='lat' dir='ltr'>pro</span> 
     </span>
     <span class='ocr_line' id='line_1_22' title="bbox 191 2420 584 2508; baseline 0.015 -23"><span class='ocrx_word' id='word_1_138' title='bbox 191 2438 212 2485; x_wconf 86' lang='lat' dir='ltr'><em>v</em></span> <span class='ocrx_word' id='word_1_139' title='bbox 227 2420 280 2486; x_wconf 88' lang='lat' dir='ltr'>vel</span> <span class='ocrx_word' id='word_1_140' title='bbox 290 2422 316 2505; x_wconf 80' lang='lat' dir='ltr'><em>f</em></span> <span class='ocrx_word' id='word_1_141' title='bbox 321 2429 505 2508; x_wconf 88' lang='lat' dir='ltr'>usurpatur,</span> <span class='ocrx_word' id='word_1_142' title='bbox 522 2431 559 2491; x_wconf 88' lang='lat' dir='ltr'>ut</span> <span class='ocrx_word' id='word_1_143' title='bbox 577 2445 584 2490; x_wconf 92' lang='lat'>:</span> 
     </span>
     <span class='ocr_line' id='line_1_23' title="bbox 280 2521 1208 2609; baseline 0.005 -23"><span class='ocrx_word' id='word_1_144' title='bbox 280 2539 433 2587; x_wconf 79' lang='lat' dir='ltr'>aroenae</span> <span class='ocrx_word' id='word_1_145' title='bbox 618 2523 722 2590; x_wconf 90' lang='lat' dir='ltr'>Prisc.</span> <span class='ocrx_word' id='word_1_146' title='bbox 740 2521 766 2601; x_wconf 92' lang='lat'>1,</span> <span class='ocrx_word' id='word_1_147' title='bbox 782 2522 827 2590; x_wconf 83' lang='lat'>45</span> <span class='ocrx_word' id='word_1_148' title='bbox 997 2523 1208 2609; x_wconf 88' lang='lat' dir='ltr'>proadvenas</span> 
     </span>
     <span class='ocr_line' id='line_1_24' title="bbox 280 2617 1256 2689; baseline 0.005 -5"><span class='ocrx_word' id='word_1_149' title='bbox 280 2623 487 2685; x_wconf 78' lang='lat' dir='ltr'>arcentores</span> <span class='ocrx_word' id='word_1_150' title='bbox 562 2685 563 2688; x_wconf 69' lang='grc'>,</span> <span class='ocrx_word' id='word_1_151' title='bbox 662 2617 704 2685; x_wconf 92' lang='lat' dir='ltr'>id.</span> <span class='ocrx_word' id='word_1_152' title='bbox 1066 2621 1256 2689; x_wconf 85' lang='lat' dir='ltr'>adventores</span> 
     </span>
     <span class='ocr_line' id='line_1_25' title="bbox 280 2716 1235 2785; baseline 0.002 -3"><span class='ocrx_word' id='word_1_153' title='bbox 280 2721 466 2782; x_wconf 81' lang='lat' dir='ltr'>aroocctos</span> <span class='ocrx_word' id='word_1_154' title='bbox 660 2716 704 2782; x_wconf 90' lang='lat' dir='ltr'>id.</span> <span class='ocrx_word' id='word_1_155' title='bbox 1063 2716 1235 2785; x_wconf 86' lang='lat' dir='ltr'>advocatos</span> 
     </span>
     <span class='ocr_line' id='line_1_26' title="bbox 280 2807 1266 2883; baseline 0.004 -3"><span class='ocrx_word' id='word_1_156' title='bbox 280 2807 447 2880; x_wconf 79' lang='lat' dir='ltr'>arooture</span> <span class='ocrx_word' id='word_1_157' title='bbox 661 2813 705 2879; x_wconf 89' lang='lat' dir='ltr'>id.</span> <span class='ocrx_word' id='word_1_158' title='bbox 1065 2814 1216 2883; x_wconf 82' lang='lat' dir='ltr'>advolare</span> <span class='ocrx_word' id='word_1_159' title='bbox 1265 2847 1266 2852; x_wconf 40' lang='lat'>¹</span> 
     </span>
     <span class='ocr_line' id='line_1_27' title="bbox 279 2909 1214 2997; baseline 0 -20"><span class='ocrx_word' id='word_1_160' title='bbox 279 2929 449 2977; x_wconf 75' lang='lat' dir='ltr'>accursus</span> <span class='ocrx_word' id='word_1_161' title='bbox 616 2909 688 2976; x_wconf 91' lang='lat' dir='ltr'>Vel.</span> <span class='ocrx_word' id='word_1_162' title='bbox 702 2909 804 2997; x_wconf 83' lang='lat' dir='ltr'>long.</span> <span class='ocrx_word' id='word_1_163' title='bbox 821 2909 909 2977; x_wconf 88' lang='grc'><strong>2232</strong></span> <span class='ocrx_word' id='word_1_164' title='bbox 922 2910 960 2978; x_wconf 92' lang='grc' dir='ltr'>Ρ.</span> <span class='ocrx_word' id='word_1_165' title='bbox 1059 2911 1214 2978; x_wconf 86' lang='lat' dir='ltr'>advorsus</span> 
     </span>
     <span class='ocr_line' id='line_1_28' title="bbox 278 3006 1270 3087; baseline 0.004 -14"><span class='ocrx_word' id='word_1_166' title='bbox 278 3007 507 3074; x_wconf 83' lang='lat' dir='ltr'>cruorsarius</span> <span class='ocrx_word' id='word_1_167' title='bbox 620 3006 660 3073; x_wconf 83' lang='lat' dir='ltr'>C.</span> <span class='ocrx_word' id='word_1_168' title='bbox 678 3007 709 3074; x_wconf 90' lang='grc' dir='ltr'>Ι.</span> <span class='ocrx_word' id='word_1_169' title='bbox 726 3008 766 3072; x_wconf 88' lang='lat' dir='ltr'>L.</span> <span class='ocrx_word' id='word_1_170' title='bbox 784 3006 812 3087; x_wconf 86' lang='grc' dir='ltr'>Ι,</span> <span class='ocrx_word' id='word_1_171' title='bbox 829 3008 893 3074; x_wconf 87' lang='lat'>198</span> <span class='ocrx_word' id='word_1_172' title='bbox 1061 3008 1270 3077; x_wconf 87' lang='lat' dir='ltr'>advorsarius</span> 
     </span>
     <span class='ocr_line' id='line_1_29' title="bbox 279 3103 1227 3185; baseline 0.001 -14"><span class='ocrx_word' id='word_1_173' title='bbox 279 3105 451 3172; x_wconf 71' lang='lat' dir='ltr'>arverunt</span> <span class='ocrx_word' id='word_1_174' title='bbox 617 3103 985 3185; x_wconf 79' lang='lat' dir='ltr'>Cato,R.rust.138,1</span> <span class='ocrx_word' id='word_1_175' title='bbox 1064 3104 1227 3172; x_wconf 88' lang='lat' dir='ltr'>advehant</span> 
     </span>
     <span class='ocr_line' id='line_1_30' title="bbox 281 3199 1234 3283; baseline 0.002 -15"><span class='ocrx_word' id='word_1_176' title='bbox 281 3207 465 3268; x_wconf 74' lang='lat' dir='ltr'>urceolum</span> <span class='ocrx_word' id='word_1_177' title='bbox 643 3199 687 3266; x_wconf 92' lang='lat' dir='ltr'>id.</span> <span class='ocrx_word' id='word_1_178' title='bbox 777 3202 820 3269; x_wconf 88' lang='lat' dir='ltr'>id.</span> <span class='ocrx_word' id='word_1_179' title='bbox 886 3203 987 3283; x_wconf 86' lang='lat'><strong>135‚7</strong></span> <span class='ocrx_word' id='word_1_180' title='bbox 1064 3201 1234 3270; x_wconf 88' lang='lat' dir='ltr'>advectum</span> 
     </span>
     <span class='ocr_line' id='line_1_31' title="bbox 281 3299 1185 3384; baseline 0.002 -18"><span class='ocrx_word' id='word_1_181' title='bbox 281 3299 414 3384; x_wconf 70' lang='lat' dir='ltr'>orfimes</span> <span class='ocrx_word' id='word_1_182' title='bbox 616 3299 718 3367; x_wconf 88' lang='lat' dir='ltr'>Prisc.</span> <span class='ocrx_word' id='word_1_183' title='bbox 736 3301 762 3379; x_wconf 91' lang='lat' dir='ltr'>I,</span> <span class='ocrx_word' id='word_1_184' title='bbox 778 3301 822 3368; x_wconf 83' lang='lat'>45</span> <span class='ocrx_word' id='word_1_185' title='bbox 1064 3300 1185 3368; x_wconf 88' lang='lat' dir='ltr'>adflnes</span> 
     </span>
     <span class='ocr_line' id='line_1_32' title="bbox 279 3397 1162 3481; baseline 0 -17"><span class='ocrx_word' id='word_1_186' title='bbox 279 3399 403 3481; x_wconf 79' lang='lat' dir='ltr'>arsuri</span> <span class='ocrx_word' id='word_1_187' title='bbox 659 3397 702 3463; x_wconf 91' lang='lat' dir='ltr'>id.</span> <span class='ocrx_word' id='word_1_188' title='bbox 1062 3398 1162 3466; x_wconf 80' lang='lat' dir='ltr'>adfari</span> 
     </span>
     <span class='ocr_line' id='line_1_33' title="bbox 280 3493 1201 3576; baseline 0.004 -16"><span class='ocrx_word' id='word_1_189' title='bbox 280 3493 436 3576; x_wconf 81' lang='lat' dir='ltr'>arfuisse</span> <span class='ocrx_word' id='word_1_190' title='bbox 618 3494 657 3562; x_wconf 82' lang='lat'>0.</span> <span class='ocrx_word' id='word_1_191' title='bbox 675 3495 708 3561; x_wconf 92' lang='grc' dir='ltr'>Ι.</span> <span class='ocrx_word' id='word_1_192' title='bbox 727 3497 769 3561; x_wconf 88' lang='lat' dir='ltr'>L.</span> <span class='ocrx_word' id='word_1_193' title='bbox 785 3495 812 3574; x_wconf 90' lang='grc' dir='ltr'>Ι,</span> <span class='ocrx_word' id='word_1_194' title='bbox 829 3496 894 3563; x_wconf 84' lang='grc'>196</span> <span class='ocrx_word' id='word_1_195' title='bbox 1063 3495 1201 3564; x_wconf 76' lang='lat' dir='ltr'>adfuisse</span> 
     </span>
     <span class='ocr_line' id='line_1_34' title="bbox 192 3590 996 3680; baseline -0.001 -19"><span class='ocrx_word' id='word_1_196' title='bbox 192 3590 308 3661; x_wconf 87' lang='lat' dir='ltr'>Rarius</span> <span class='ocrx_word' id='word_1_197' title='bbox 320 3611 378 3678; x_wconf 93' lang='lat' dir='ltr'>pro</span> <span class='ocrx_word' id='word_1_198' title='bbox 393 3592 489 3661; x_wconf 89' lang='lat' dir='ltr'>mutis</span> <span class='ocrx_word' id='word_1_199' title='bbox 501 3593 653 3670; x_wconf 88' lang='lat' dir='ltr'>occurrit,</span> <span class='ocrx_word' id='word_1_200' title='bbox 670 3595 829 3680; x_wconf 88' lang='lat' dir='ltr'>reperitur</span> <span class='ocrx_word' id='word_1_201' title='bbox 841 3595 996 3662; x_wconf 89' lang='lat' dir='ltr'>tamenin</span> 
     </span>
     <span class='ocr_line' id='line_1_35' title="bbox 281 3691 1203 3782; baseline 0.004 -24"><span class='ocrx_word' id='word_1_202' title='bbox 281 3708 419 3758; x_wconf 83' lang='lat' dir='ltr'>arcesso</span> <span class='ocrx_word' id='word_1_203' title='bbox 614 3691 718 3760; x_wconf 86' lang='lat' dir='ltr'>Prisc.</span> <span class='ocrx_word' id='word_1_204' title='bbox 735 3692 761 3772; x_wconf 86' lang='lat'>1,</span> <span class='ocrx_word' id='word_1_205' title='bbox 779 3691 823 3758; x_wconf 89' lang='grc'>45</span> <span class='ocrx_word' id='word_1_206' title='bbox 982 3713 1040 3782; x_wconf 91' lang='lat' dir='ltr'>pro</span> <span class='ocrx_word' id='word_1_207' title='bbox 1054 3693 1203 3762; x_wconf 86' lang='lat' dir='ltr'>ad-cesso</span> 
     </span>
     <span class='ocr_line' id='line_1_36' title="bbox 282 3787 1306 3879; baseline 0.004 -26"><span class='ocrx_word' id='word_1_208' title='bbox 282 3806 394 3873; x_wconf 82' lang='lat' dir='ltr'>arper</span> <span class='ocrx_word' id='word_1_209' title='bbox 658 3787 701 3854; x_wconf 93' lang='lat' dir='ltr'>id.</span> <span class='ocrx_word' id='word_1_210' title='bbox 891 3863 894 3868; x_wconf 49' lang='grc'><strong>,</strong></span> <span class='ocrx_word' id='word_1_211' title='bbox 1052 3789 1192 3876; x_wconf 78' lang='lat' dir='ltr'>*ad-ger,</span> <span class='ocrx_word' id='word_1_212' title='bbox 1206 3810 1306 3879; x_wconf 82' lang='lat' dir='ltr'>agger</span> 
     </span>
     <span class='ocr_line' id='line_1_37' title="bbox 280 3883 1208 3953; baseline 0.004 -5"><span class='ocrx_word' id='word_1_213' title='bbox 280 3883 415 3949; x_wconf 84' lang='lat' dir='ltr'>arbiter</span> <span class='ocrx_word' id='word_1_214' title='bbox 656 3884 699 3950; x_wconf 92' lang='lat' dir='ltr'>id.</span> <span class='ocrx_word' id='word_1_215' title='bbox 989 3885 1030 3952; x_wconf 87' lang='lat' dir='ltr'>ci.</span> <span class='ocrx_word' id='word_1_216' title='bbox 1046 3884 1208 3953; x_wconf 89' lang='lat' dir='ltr'>ad-bitere</span> 
     </span>
     <span class='ocr_line' id='line_1_38' title="bbox 193 3977 956 4068; baseline 0.001 -20"><span class='ocrx_word' id='word_1_217' title='bbox 193 3979 283 4049; x_wconf 89' lang='lat' dir='ltr'>Inter</span> <span class='ocrx_word' id='word_1_218' title='bbox 295 3979 374 4046; x_wconf 87' lang='lat' dir='ltr'>duas</span> <span class='ocrx_word' id='word_1_219' title='bbox 386 3977 514 4047; x_wconf 86' lang='lat' dir='ltr'>vocales</span> <span class='ocrx_word' id='word_1_220' title='bbox 528 3998 653 4068; x_wconf 88' lang='lat' dir='ltr'>quoque</span> <span class='ocrx_word' id='word_1_221' title='bbox 667 3981 785 4048; x_wconf 87' lang='lat' dir='ltr'>usitata</span> <span class='ocrx_word' id='word_1_222' title='bbox 799 3989 879 4061; x_wconf 87' lang='lat' dir='ltr'>erat,</span> <span class='ocrx_word' id='word_1_223' title='bbox 895 3987 932 4048; x_wconf 88' lang='lat' dir='ltr'>ut</span> <span class='ocrx_word' id='word_1_224' title='bbox 947 4003 956 4049; x_wconf 92' lang='lat'>:</span> 
     </span>
     <span class='ocr_line' id='line_1_39' title="bbox 279 4077 1333 4166; baseline 0.005 -21"><span class='ocrx_word' id='word_1_225' title='bbox 279 4078 449 4146; x_wconf 80' lang='lat' dir='ltr'>meridies</span> <span class='ocrx_word' id='word_1_226' title='bbox 756 4098 814 4166; x_wconf 89' lang='lat' dir='ltr'>pro</span> <span class='ocrx_word' id='word_1_227' title='bbox 825 4077 992 4157; x_wconf 88' lang='lat' dir='ltr'>medidies,</span> <span class='ocrx_word' id='word_1_228' title='bbox 1008 4079 1091 4147; x_wconf 88' lang='lat' dir='ltr'>Var.</span> <span class='ocrx_word' id='word_1_229' title='bbox 1108 4080 1149 4146; x_wconf 87' lang='lat' dir='ltr'>L.</span> <span class='ocrx_word' id='word_1_230' title='bbox 1163 4083 1226 4148; x_wconf 84' lang='lat' dir='ltr'>tot.</span> <span class='ocrx_word' id='word_1_231' title='bbox 1238 4079 1296 4161; x_wconf 85' lang='lat' dir='ltr'>VI,</span> <span class='ocrx_word' id='word_1_232' title='bbox 1311 4085 1333 4150; x_wconf 85' lang='lat'>4</span> 
     </span>
     <span class='ocr_line' id='line_1_40' title="bbox 277 4176 1266 4260; baseline 0.006 -18"><span class='ocrx_word' id='word_1_233' title='bbox 277 4176 458 4243; x_wconf 62' lang='lat' dir='ltr'>Lamnum</span> <span class='ocrx_word' id='word_1_234' title='bbox 514 4224 515 4228; x_wconf 63' lang='lat'>,</span> <span class='ocrx_word' id='word_1_235' title='bbox 826 4177 994 4258; x_wconf 82' lang='lat' dir='ltr'>badinum,</span> <span class='ocrx_word' id='word_1_236' title='bbox 1013 4178 1266 4260; x_wconf 79' lang='lat' dir='ltr'><strong><em>0.1.L.1,24</em></strong></span> 
     </span>
    </p>
   </div>
   <div class='ocr_carea' id='block_1_3' title="bbox 224 4409 602 4558">
    <p class='ocr_par' dir='ltr' id='par_1_3' title="bbox 224 4409 602 4558">
     <span class='ocr_line' id='line_1_41' title="bbox 226 4409 602 4476; baseline 0.005 -15"><span class='ocrx_word' id='word_1_237' title='bbox 226 4411 248 4461; x_wconf 80' lang='lat'>1.</span> <span class='ocrx_word' id='word_1_238' title='bbox 266 4409 302 4463; x_wconf 81' lang='lat' dir='ltr'>cs.</span> <span class='ocrx_word' id='word_1_239' title='bbox 318 4410 445 4476; x_wconf 82' lang='lat' dir='ltr'>curasan,</span> <span class='ocrx_word' id='word_1_240' title='bbox 457 4409 495 4463; x_wconf 88' lang='lat' dir='ltr'>id.</span> <span class='ocrx_word' id='word_1_241' title='bbox 511 4412 531 4472; x_wconf 87' lang='lat'>1,</span> <span class='ocrx_word' id='word_1_242' title='bbox 545 4412 602 4465; x_wconf 73' lang='lat'><strong>2⁴0.</strong></span> 
     </span>
     <span class='ocr_line' id='line_1_42' title="bbox 224 4489 593 4558; baseline 0.003 -15"><span class='ocrx_word' id='word_1_243' title='bbox 224 4489 248 4542; x_wconf 81' lang='grc'>2.</span> <span class='ocrx_word' id='word_1_244' title='bbox 266 4493 356 4544; x_wconf 75' lang='lat' dir='ltr'>Grani.</span> <span class='ocrx_word' id='word_1_245' title='bbox 369 4490 456 4556; x_wconf 67' lang='lat' dir='ltr'>labat</span> <span class='ocrx_word' id='word_1_246' title='bbox 471 4491 504 4548; x_wconf 86' lang='grc' dir='ltr'>Κ.</span> <span class='ocrx_word' id='word_1_247' title='bbox 517 4491 540 4558; x_wconf 89' lang='lat'>1,</span> <span class='ocrx_word' id='word_1_248' title='bbox 553 4493 593 4546; x_wconf 81' lang='lat' dir='ltr'>ts.</span> 
     </span>
    </p>
   </div>
   <div class='ocr_carea' id='block_1_4' title="bbox 0 0 1643 5482">
    <p class='ocr_par' dir='ltr' id='par_1_4' title="bbox 0 0 1643 5482">
     <span class='ocr_line' id='line_1_43' title="bbox 0 0 1643 5482; baseline 0 0"><span class='ocrx_word' id='word_1_249' title='bbox 0 0 1643 5482; x_wconf 95' lang='lat' dir='ltr'> </span> 
     </span>
    </p>
   </div>
  </div>
 </body>
</html>
