<?xml version="1.0" encoding="UTF-8"?>
<!DOCTYPE html PUBLIC "-//W3C//DTD XHTML 1.0 Transitional//EN"
    "http://www.w3.org/TR/xhtml1/DTD/xhtml1-transitional.dtd">
<html xmlns="http://www.w3.org/1999/xhtml" xml:lang="en" lang="en">
 <head>
  <title>
</title>
<meta http-equiv="Content-Type" content="text/html;charset=utf-8" />
  <meta name='ocr-system' content='tesseract 3.04.00' />
  <meta name='ocr-capabilities' content='ocr_page ocr_carea ocr_par ocr_line ocrx_word'/>
</head>
<body>
  <div class='ocr_page' id='page_1' title='image "./derhotacismoini00joregoog_0048.png"; bbox 0 0 3276 5482; ppageno 0'>
   <div class='ocr_carea' id='block_1_1' title="bbox 743 381 900 439">
    <p class='ocr_par' dir='ltr' id='par_1_1' title="bbox 743 381 900 439">
     <span class='ocr_line' id='line_1_1' title="bbox 743 381 900 439; baseline -0.006 -18"><span class='ocrx_word' id='word_1_1' title='bbox 743 381 900 439; x_wconf 74' lang='lat'>...29-</span> 
     </span>
    </p>
   </div>
   <div class='ocr_carea' id='block_1_2' title="bbox 247 487 1392 2443">
    <p class='ocr_par' dir='ltr' id='par_1_2' title="bbox 247 487 1392 2443">
     <span class='ocr_line' id='line_1_2' title="bbox 447 487 1187 579; baseline -0.007 -19"><span class='ocrx_word' id='word_1_2' title='bbox 447 493 647 579; x_wconf 84' lang='lat' dir='ltr'>plen-as-ier</span> <span class='ocrx_word' id='word_1_3' title='bbox 888 490 944 558; x_wconf 90' lang='lat' dir='ltr'>lat.</span> <span class='ocrx_word' id='word_1_4' title='bbox 963 490 1153 578; x_wconf 81' lang='lat' dir='ltr'>plen-ao-iis</span> <span class='ocrx_word' id='word_1_5' title='bbox 1163 487 1187 555; x_wconf 88' lang='lat'>¹.</span> 
     </span>
     <span class='ocr_line' id='line_1_3' title="bbox 292 587 1390 679; baseline -0.002 -21"><span class='ocrx_word' id='word_1_6' title='bbox 292 589 412 658; x_wconf 78' lang='lat' dir='ltr'>Contra</span> <span class='ocrx_word' id='word_1_7' title='bbox 431 609 449 657; x_wconf 82' lang='lat' dir='ltr'>s</span> <span class='ocrx_word' id='word_1_8' title='bbox 467 590 581 670; x_wconf 89' lang='lat' dir='ltr'>media,</span> <span class='ocrx_word' id='word_1_9' title='bbox 604 610 701 679; x_wconf 88' lang='lat' dir='ltr'>quum</span> <span class='ocrx_word' id='word_1_10' title='bbox 721 587 867 657; x_wconf 87' lang='lat' dir='ltr'>flexionis</span> <span class='ocrx_word' id='word_1_11' title='bbox 881 609 956 676; x_wconf 86' lang='lat' dir='ltr'>pars</span> <span class='ocrx_word' id='word_1_12' title='bbox 975 594 1035 669; x_wconf 90' lang='lat' dir='ltr'>est,</span> <span class='ocrx_word' id='word_1_13' title='bbox 1051 591 1137 658; x_wconf 87' lang='lat' dir='ltr'>inter</span> <span class='ocrx_word' id='word_1_14' title='bbox 1150 587 1290 670; x_wconf 84' lang='lat' dir='ltr'>vocales,</span> <span class='ocrx_word' id='word_1_15' title='bbox 1307 591 1390 661; x_wconf 70' lang='lat' dir='ltr'>siem</span> 
     </span>
     <span class='ocr_line' id='line_1_4' title="bbox 248 687 784 776; baseline 0.004 -24"><span class='ocrx_word' id='word_1_16' title='bbox 248 688 282 755; x_wconf 92' lang='lat' dir='ltr'>in</span> <span class='ocrx_word' id='word_1_17' title='bbox 294 689 395 756; x_wconf 90' lang='lat' dir='ltr'>latina</span> <span class='ocrx_word' id='word_1_18' title='bbox 408 687 529 776; x_wconf 79' lang='lat' dir='ltr'>lingua,</span> <span class='ocrx_word' id='word_1_19' title='bbox 546 690 580 755; x_wconf 94' lang='lat' dir='ltr'>in</span> <span class='ocrx_word' id='word_1_20' title='bbox 593 709 615 754; x_wconf 82' lang='lat' dir='ltr'>r</span> <span class='ocrx_word' id='word_1_21' title='bbox 625 689 784 755; x_wconf 79' lang='lat' dir='ltr'>vertitur:</span> 
     </span>
     <span class='ocr_line' id='line_1_5' title="bbox 294 783 1387 875; baseline 0 -21"><span class='ocrx_word' id='word_1_22' title='bbox 294 787 325 875; x_wconf 83' lang='grc' dir='ltr'>α)</span> <span class='ocrx_word' id='word_1_23' title='bbox 342 789 379 853; x_wconf 92' lang='lat' dir='ltr'>ln</span> <span class='ocrx_word' id='word_1_24' title='bbox 393 787 534 874; x_wconf 81' lang='lat' dir='ltr'>genitivo</span> <span class='ocrx_word' id='word_1_25' title='bbox 548 785 664 872; x_wconf 83' lang='lat' dir='ltr'>plurali</span> <span class='ocrx_word' id='word_1_26' title='bbox 676 787 851 853; x_wconf 87' lang='lat' dir='ltr'>thematum</span> <span class='ocrx_word' id='word_1_27' title='bbox 869 787 997 872; x_wconf 90' lang='lat' dir='ltr'>quaein</span> <span class='ocrx_word' id='word_1_28' title='bbox 1011 805 1034 852; x_wconf 88' lang='lat' dir='ltr'><strong><em>a</em></strong></span> <span class='ocrx_word' id='word_1_29' title='bbox 1052 783 1104 852; x_wconf 85' lang='lat' dir='ltr'>vel</span> <span class='ocrx_word' id='word_1_30' title='bbox 1118 805 1138 852; x_wconf 93' lang='lat' dir='ltr'>o</span> <span class='ocrx_word' id='word_1_31' title='bbox 1152 784 1310 865; x_wconf 87' lang='lat' dir='ltr'>desinunt,</span> <span class='ocrx_word' id='word_1_32' title='bbox 1327 793 1364 854; x_wconf 87' lang='lat' dir='ltr'>ut</span> <span class='ocrx_word' id='word_1_33' title='bbox 1380 810 1387 853; x_wconf 91' lang='lat'>:</span> 
     </span>
     <span class='ocr_line' id='line_1_6' title="bbox 249 884 1387 973; baseline -0.002 -21"><span class='ocrx_word' id='word_1_34' title='bbox 249 886 446 967; x_wconf 71' lang='lat' dir='ltr'>persia-m,</span> <span class='ocrx_word' id='word_1_35' title='bbox 466 884 676 972; x_wconf 78' lang='lat' dir='ltr'>lepino-m,</span> <span class='ocrx_word' id='word_1_36' title='bbox 695 904 884 952; x_wconf 57' lang='lat' dir='ltr'>mensuro</span> <span class='ocrx_word' id='word_1_37' title='bbox 897 884 1118 973; x_wconf 90' lang='lat' dir='ltr'>(mensarum),</span> <span class='ocrx_word' id='word_1_38' title='bbox 1136 890 1387 970; x_wconf 77' lang='lat' dir='ltr'>pcccatorum.</span> 
     </span>
     <span class='ocr_line' id='line_1_7' title="bbox 294 981 1387 1072; baseline 0.001 -21"><span class='ocrx_word' id='word_1_39' title='bbox 294 983 326 1072; x_wconf 85' lang='grc' dir='ltr'>β)</span> <span class='ocrx_word' id='word_1_40' title='bbox 348 984 387 1051; x_wconf 89' lang='lat' dir='ltr'>ln</span> <span class='ocrx_word' id='word_1_41' title='bbox 410 981 568 1051; x_wconf 79' lang='lat' dir='ltr'>infinitivo</span> <span class='ocrx_word' id='word_1_42' title='bbox 590 983 749 1069; x_wconf 79' lang='lat' dir='ltr'>praesenti</span> <span class='ocrx_word' id='word_1_43' title='bbox 779 983 869 1050; x_wconf 84' lang='lat' dir='ltr'>verbi</span> <span class='ocrx_word' id='word_1_44' title='bbox 900 1002 975 1051; x_wconf 81' lang='lat' dir='ltr'>esse</span> <span class='ocrx_word' id='word_1_45' title='bbox 1009 989 1106 1071; x_wconf 88' lang='lat' dir='ltr'>atque</span> <span class='ocrx_word' id='word_1_46' title='bbox 1126 983 1160 1048; x_wconf 92' lang='lat' dir='ltr'>in</span> <span class='ocrx_word' id='word_1_47' title='bbox 1182 982 1387 1072; x_wconf 86' lang='lat' dir='ltr'>temporibus,</span> 
     </span>
     <span class='ocr_line' id='line_1_8' title="bbox 247 1079 828 1169; baseline -0.003 -21"><span class='ocrx_word' id='word_1_48' title='bbox 247 1082 410 1169; x_wconf 89' lang='lat' dir='ltr'>inquibus</span> <span class='ocrx_word' id='word_1_49' title='bbox 424 1079 751 1169; x_wconf 85' lang='lat' dir='ltr'>radixesreperitur,</span> <span class='ocrx_word' id='word_1_50' title='bbox 768 1089 805 1148; x_wconf 91' lang='lat' dir='ltr'>ut</span> <span class='ocrx_word' id='word_1_51' title='bbox 820 1102 828 1146; x_wconf 91' lang='lat'><strong>:</strong></span> 
     </span>
     <span class='ocr_line' id='line_1_9' title="bbox 424 1177 1110 1258; baseline -0.004 -12"><span class='ocrx_word' id='word_1_52' title='bbox 424 1199 519 1258; x_wconf 81' lang='lat' dir='ltr'>er-u‚</span> <span class='ocrx_word' id='word_1_53' title='bbox 537 1199 653 1248; x_wconf 81' lang='lat' dir='ltr'>er-om</span> <span class='ocrx_word' id='word_1_54' title='bbox 946 1177 1004 1244; x_wconf 85' lang='lat' dir='ltr'>lat.</span> <span class='ocrx_word' id='word_1_55' title='bbox 1023 1197 1110 1244; x_wconf 89' lang='lat' dir='ltr'>es-se</span> 
     </span>
     <span class='ocr_line' id='line_1_10' title="bbox 424 1272 1211 1364; baseline -0.003 -20"><span class='ocrx_word' id='word_1_56' title='bbox 424 1277 605 1345; x_wconf 64' lang='lat' dir='ltr'>statem</span> <span class='ocrx_word' id='word_1_57' title='bbox 1024 1272 1211 1364; x_wconf 58' lang='lat' dir='ltr'>(schmitt</span> 
     </span>
     <span class='ocr_line' id='line_1_11' title="bbox 294 1372 1392 1465; baseline 0.001 -22"><span class='ocrx_word' id='word_1_58' title='bbox 294 1374 326 1465; x_wconf 79' lang='grc' dir='ltr'>γ)</span> <span class='ocrx_word' id='word_1_59' title='bbox 339 1378 442 1455; x_wconf 85' lang='lat' dir='ltr'>Quum</span> <span class='ocrx_word' id='word_1_60' title='bbox 455 1376 634 1463; x_wconf 83' lang='lat' dir='ltr'>pronomini</span> <span class='ocrx_word' id='word_1_61' title='bbox 653 1378 687 1442; x_wconf 92' lang='lat' dir='ltr'>in</span> <span class='ocrx_word' id='word_1_62' title='bbox 702 1395 721 1444; x_wconf 82' lang='lat' dir='ltr'>r</span> <span class='ocrx_word' id='word_1_63' title='bbox 738 1374 893 1444; x_wconf 82' lang='lat' dir='ltr'>desinenti</span> <span class='ocrx_word' id='word_1_64' title='bbox 913 1373 1067 1462; x_wconf 86' lang='lat' dir='ltr'>quaedam</span> <span class='ocrx_word' id='word_1_65' title='bbox 1084 1372 1208 1444; x_wconf 82' lang='lat' dir='ltr'>flexura</span> <span class='ocrx_word' id='word_1_66' title='bbox 1229 1378 1392 1464; x_wconf 89' lang='lat' dir='ltr'>pronomi-</span> 
     </span>
     <span class='ocr_line' id='line_1_12' title="bbox 249 1473 692 1561; baseline -0.011 -17"><span class='ocrx_word' id='word_1_67' title='bbox 249 1473 334 1544; x_wconf 86' lang='lat' dir='ltr'>nalis</span> <span class='ocrx_word' id='word_1_68' title='bbox 347 1475 444 1543; x_wconf 87' lang='lat' dir='ltr'>etiam</span> <span class='ocrx_word' id='word_1_69' title='bbox 457 1475 615 1561; x_wconf 87' lang='lat' dir='ltr'>adjicitur,</span> <span class='ocrx_word' id='word_1_70' title='bbox 632 1482 668 1542; x_wconf 85' lang='lat' dir='ltr'>ut</span> <span class='ocrx_word' id='word_1_71' title='bbox 684 1494 692 1539; x_wconf 90' lang='lat'>:</span> 
     </span>
     <span class='ocr_line' id='line_1_13' title="bbox 468 1568 1030 1640; baseline -0.004 0"><span class='ocrx_word' id='word_1_72' title='bbox 468 1573 569 1640; x_wconf 79' lang='lat' dir='ltr'>er-elr</span> <span class='ocrx_word' id='word_1_73' title='bbox 801 1568 807 1577; x_wconf 85' lang='grc'><strong>“</strong></span> <span class='ocrx_word' id='word_1_74' title='bbox 921 1569 1030 1638; x_wconf 90' lang='lat' dir='ltr'>hio-ce</span> 
     </span>
     <span class='ocr_line' id='line_1_14' title="bbox 467 1668 1018 1738; baseline -0.005 1"><span class='ocrx_word' id='word_1_75' title='bbox 467 1676 587 1738; x_wconf 52' lang='lat' dir='ltr'>ecc-om</span> <span class='ocrx_word' id='word_1_76' title='bbox 920 1668 1018 1736; x_wconf 90' lang='lat' dir='ltr'>i-dem</span> 
     </span>
     <span class='ocr_line' id='line_1_15' title="bbox 468 1767 1047 1837; baseline -0.002 -3"><span class='ocrx_word' id='word_1_77' title='bbox 468 1770 624 1837; x_wconf 71' lang='lat' dir='ltr'>eric-ont</span> <span class='ocrx_word' id='word_1_78' title='bbox 921 1767 1047 1834; x_wconf 90' lang='lat' dir='ltr'>iis-dem</span> 
     </span>
     <span class='ocr_line' id='line_1_16' title="bbox 462 1866 1167 1955; baseline 0 -23"><span class='ocrx_word' id='word_1_79' title='bbox 462 1885 577 1952; x_wconf 78' lang='lat' dir='ltr'>pur-e</span> <span class='ocrx_word' id='word_1_80' title='bbox 920 1867 1109 1952; x_wconf 85' lang='lat' dir='ltr'>quicumque</span> <span class='ocrx_word' id='word_1_81' title='bbox 1122 1866 1167 1955; x_wconf 92' lang='lat' dir='ltr'>pl.</span> 
     </span>
     <span class='ocr_line' id='line_1_17' title="bbox 248 1956 1019 2052; baseline -0.004 -19"><span class='ocrx_word' id='word_1_82' title='bbox 248 1956 446 2050; x_wconf 80' lang='lat' dir='ltr'>Excipienda</span> <span class='ocrx_word' id='word_1_83' title='bbox 459 1970 509 2030; x_wconf 87' lang='lat' dir='ltr'>est</span> <span class='ocrx_word' id='word_1_84' title='bbox 523 1984 590 2031; x_wconf 83' lang='lat' dir='ltr'>vox</span> <span class='ocrx_word' id='word_1_85' title='bbox 598 1965 694 2050; x_wconf 80' lang='lat' dir='ltr'>pia-i</span> <span class='ocrx_word' id='word_1_86' title='bbox 709 1962 921 2051; x_wconf 85' lang='lat' dir='ltr'>(quicumque)</span> <span class='ocrx_word' id='word_1_87' title='bbox 937 1967 1019 2052; x_wconf 85' lang='lat' dir='ltr'>sing.</span> 
     </span>
     <span class='ocr_line' id='line_1_18' title="bbox 292 2060 1390 2152; baseline 0.004 -27"><span class='ocrx_word' id='word_1_88' title='bbox 292 2060 321 2151; x_wconf 83' lang='grc' dir='ltr'>δ)</span> <span class='ocrx_word' id='word_1_89' title='bbox 336 2061 365 2128; x_wconf 83' lang='lat' dir='ltr'><em>S</em></span> <span class='ocrx_word' id='word_1_90' title='bbox 379 2061 480 2129; x_wconf 91' lang='lat' dir='ltr'>media</span> <span class='ocrx_word' id='word_1_91' title='bbox 499 2081 625 2149; x_wconf 91' lang='lat' dir='ltr'>quoque</span> <span class='ocrx_word' id='word_1_92' title='bbox 644 2063 679 2127; x_wconf 91' lang='lat' dir='ltr'>in</span> <span class='ocrx_word' id='word_1_93' title='bbox 700 2081 722 2126; x_wconf 79' lang='lat' dir='ltr'>r</span> <span class='ocrx_word' id='word_1_94' title='bbox 743 2062 860 2128; x_wconf 87' lang='lat' dir='ltr'>transit</span> <span class='ocrx_word' id='word_1_95' title='bbox 881 2063 916 2127; x_wconf 93' lang='lat' dir='ltr'>in</span> <span class='ocrx_word' id='word_1_96' title='bbox 935 2063 1055 2149; x_wconf 85' lang='lat' dir='ltr'>passivi</span> <span class='ocrx_word' id='word_1_97' title='bbox 1076 2062 1309 2152; x_wconf 83' lang='lat' dir='ltr'>conjugatione,</span> <span class='ocrx_word' id='word_1_98' title='bbox 1336 2062 1390 2131; x_wconf 88' lang='lat' dir='ltr'>ubi</span> 
     </span>
     <span class='ocr_line' id='line_1_19' title="bbox 248 2158 1056 2247; baseline -0.004 -19"><span class='ocrx_word' id='word_1_99' title='bbox 248 2158 375 2247; x_wconf 88' lang='lat' dir='ltr'>quidem</span> <span class='ocrx_word' id='word_1_100' title='bbox 388 2166 544 2238; x_wconf 86' lang='lat' dir='ltr'>extrema,</span> <span class='ocrx_word' id='word_1_101' title='bbox 561 2158 809 2238; x_wconf 68' lang='lat' dir='ltr'>vocaliorem,</span> <span class='ocrx_word' id='word_1_102' title='bbox 824 2159 909 2226; x_wconf 80' lang='lat' dir='ltr'>iacta</span> <span class='ocrx_word' id='word_1_103' title='bbox 922 2164 982 2238; x_wconf 88' lang='lat' dir='ltr'>est,</span> <span class='ocrx_word' id='word_1_104' title='bbox 999 2165 1056 2226; x_wconf 91' lang='lat' dir='ltr'>ut:</span> 
     </span>
     <span class='ocr_line' id='line_1_20' title="bbox 467 2256 1112 2346; baseline -0.005 -21"><span class='ocrx_word' id='word_1_105' title='bbox 467 2261 633 2325; x_wconf 79' lang='lat' dir='ltr'>emantur</span> <span class='ocrx_word' id='word_1_106' title='bbox 917 2256 1112 2346; x_wconf 87' lang='lat' dir='ltr'>(sumantur)</span> 
     </span>
     <span class='ocr_line' id='line_1_21' title="bbox 467 2351 1167 2443; baseline -0.001 -23"><span class='ocrx_word' id='word_1_107' title='bbox 467 2354 657 2422; x_wconf 74' lang='lat' dir='ltr'>terkomur</span> <span class='ocrx_word' id='word_1_108' title='bbox 922 2351 1167 2443; x_wconf 66' lang='lat' dir='ltr'>(tergeanturtt</span> 
     </span>
    </p>
   </div>
   <div class='ocr_carea' id='block_1_3' title="bbox 151 2549 1389 3717">
    <p class='ocr_par' dir='ltr' id='par_1_3' title="bbox 246 2549 1389 2932">
     <span class='ocr_line' id='line_1_22' title="bbox 292 2549 1388 2620; baseline 0.004 -5"><span class='ocrx_word' id='word_1_109' title='bbox 292 2549 335 2616; x_wconf 94' lang='lat' dir='ltr'>ll.</span> <span class='ocrx_word' id='word_1_110' title='bbox 361 2550 611 2620; x_wconf 79' lang='lat' dir='ltr'>Rhotccismur</span> <span class='ocrx_word' id='word_1_111' title='bbox 627 2550 666 2614; x_wconf 80' lang='lat' dir='ltr'>in</span> <span class='ocrx_word' id='word_1_112' title='bbox 679 2549 852 2616; x_wconf 74' lang='lat' dir='ltr'>ectrcmis</span> <span class='ocrx_word' id='word_1_113' title='bbox 866 2549 1021 2617; x_wconf 81' lang='lat' dir='ltr'>occidor.</span> <span class='ocrx_word' id='word_1_114' title='bbox 1043 2549 1185 2615; x_wconf 89' lang='lat' dir='ltr'>-Dum</span> <span class='ocrx_word' id='word_1_115' title='bbox 1207 2567 1225 2616; x_wconf 84' lang='lat' dir='ltr'>s</span> <span class='ocrx_word' id='word_1_116' title='bbox 1245 2555 1388 2619; x_wconf 80' lang='lat' dir='ltr'>extrema</span> 
     </span>
     <span class='ocr_line' id='line_1_23' title="bbox 248 2645 1386 2734; baseline 0.002 -21"><span class='ocrx_word' id='word_1_117' title='bbox 248 2666 371 2733; x_wconf 87' lang='lat' dir='ltr'>semper</span> <span class='ocrx_word' id='word_1_118' title='bbox 385 2649 419 2713; x_wconf 91' lang='lat' dir='ltr'>in</span> <span class='ocrx_word' id='word_1_119' title='bbox 434 2667 507 2715; x_wconf 88' lang='lat' dir='ltr'>osco</span> <span class='ocrx_word' id='word_1_120' title='bbox 519 2667 663 2714; x_wconf 84' lang='lat' dir='ltr'>sermone</span> <span class='ocrx_word' id='word_1_121' title='bbox 673 2653 770 2733; x_wconf 89' lang='lat' dir='ltr'>atque</span> <span class='ocrx_word' id='word_1_122' title='bbox 780 2646 965 2734; x_wconf 90' lang='lat' dir='ltr'>plerumque</span> <span class='ocrx_word' id='word_1_123' title='bbox 975 2648 1009 2712; x_wconf 91' lang='lat' dir='ltr'>in</span> <span class='ocrx_word' id='word_1_124' title='bbox 1021 2647 1121 2714; x_wconf 91' lang='lat' dir='ltr'>latina</span> <span class='ocrx_word' id='word_1_125' title='bbox 1132 2645 1242 2733; x_wconf 83' lang='lat' dir='ltr'>lingua</span> <span class='ocrx_word' id='word_1_126' title='bbox 1253 2653 1386 2734; x_wconf 83' lang='lat' dir='ltr'>perstat,</span> 
     </span>
     <span class='ocr_line' id='line_1_24' title="bbox 247 2745 1389 2833; baseline 0.004 -22"><span class='ocrx_word' id='word_1_127' title='bbox 247 2766 285 2811; x_wconf 90' lang='lat' dir='ltr'>ea</span> <span class='ocrx_word' id='word_1_128' title='bbox 307 2748 341 2812; x_wconf 93' lang='lat' dir='ltr'>in</span> <span class='ocrx_word' id='word_1_129' title='bbox 360 2747 501 2813; x_wconf 87' lang='lat' dir='ltr'>umbrica</span> <span class='ocrx_word' id='word_1_130' title='bbox 525 2745 661 2814; x_wconf 89' lang='lat' dir='ltr'>dialecto</span> <span class='ocrx_word' id='word_1_131' title='bbox 681 2746 864 2833; x_wconf 87' lang='lat' dir='ltr'>saepissime</span> <span class='ocrx_word' id='word_1_132' title='bbox 884 2746 918 2812; x_wconf 88' lang='lat' dir='ltr'>in</span> <span class='ocrx_word' id='word_1_133' title='bbox 933 2766 956 2811; x_wconf 76' lang='lat' dir='ltr'>c</span> <span class='ocrx_word' id='word_1_134' title='bbox 975 2747 1122 2813; x_wconf 89' lang='lat' dir='ltr'>vertitur.</span> <span class='ocrx_word' id='word_1_135' title='bbox 1148 2745 1235 2813; x_wconf 89' lang='lat' dir='ltr'>Haec</span> <span class='ocrx_word' id='word_1_136' title='bbox 1254 2749 1389 2815; x_wconf 87' lang='lat' dir='ltr'>mutatio</span> 
     </span>
     <span class='ocr_line' id='line_1_25' title="bbox 246 2850 448 2932; baseline -0.01 -20"><span class='ocrx_word' id='word_1_137' title='bbox 246 2850 448 2932; x_wconf 84' lang='lat' dir='ltr'>usurpatur:</span> 
     </span>
    </p>

    <p class='ocr_par' dir='ltr' id='par_1_4' title="bbox 290 2940 1203 3030">
     <span class='ocr_line' id='line_1_26' title="bbox 290 2940 1203 3030; baseline -0.007 -16"><span class='ocrx_word' id='word_1_138' title='bbox 290 2943 321 3030; x_wconf 87' lang='grc' dir='ltr'>α)</span> <span class='ocrx_word' id='word_1_139' title='bbox 342 2942 381 3008; x_wconf 93' lang='lat' dir='ltr'>ln</span> <span class='ocrx_word' id='word_1_140' title='bbox 393 2943 536 3030; x_wconf 83' lang='lat' dir='ltr'>genitivo</span> <span class='ocrx_word' id='word_1_141' title='bbox 548 2940 702 3028; x_wconf 85' lang='lat' dir='ltr'>singulari</span> <span class='ocrx_word' id='word_1_142' title='bbox 716 2942 856 3008; x_wconf 90' lang='lat' dir='ltr'>omnium</span> <span class='ocrx_word' id='word_1_143' title='bbox 869 2941 1127 3022; x_wconf 85' lang='lat' dir='ltr'>declinationum,</span> <span class='ocrx_word' id='word_1_144' title='bbox 1144 2950 1180 3010; x_wconf 88' lang='lat' dir='ltr'>ut</span> <span class='ocrx_word' id='word_1_145' title='bbox 1195 2964 1203 3008; x_wconf 91' lang='lat'>:</span> 
     </span>
    </p>

    <p class='ocr_par' dir='ltr' id='par_1_5' title="bbox 151 3026 1282 3131">
     <span class='ocr_line' id='line_1_27' title="bbox 151 3026 1282 3131; baseline 0.001 -24"><span class='ocrx_word' id='word_1_146' title='bbox 151 3026 158 3042; x_wconf 83' lang='lat'>&#39;</span> <span class='ocrx_word' id='word_1_147' title='bbox 251 3040 359 3107; x_wconf 81' lang='lat' dir='ltr'>Totar</span> <span class='ocrx_word' id='word_1_148' title='bbox 370 3041 534 3126; x_wconf 65' lang='lat' dir='ltr'>Homnae*</span> <span class='ocrx_word' id='word_1_149' title='bbox 544 3073 584 3086; x_wconf 96' lang='lat'><em>-</em></span> <span class='ocrx_word' id='word_1_150' title='bbox 594 3041 682 3121; x_wconf 81' lang='lat' dir='ltr'>juxta</span> <span class='ocrx_word' id='word_1_151' title='bbox 696 3037 785 3102; x_wconf 84' lang='lat' dir='ltr'>Totas</span> <span class='ocrx_word' id='word_1_152' title='bbox 798 3037 977 3121; x_wconf 83' lang='lat' dir='ltr'>ljurinas—</span> <span class='ocrx_word' id='word_1_153' title='bbox 997 3039 1099 3127; x_wconf 89' lang='lat' dir='ltr'>(urbis</span> <span class='ocrx_word' id='word_1_154' title='bbox 1113 3043 1282 3131; x_wconf 87' lang='lat' dir='ltr'>Iguvinae)</span> 
     </span>
    </p>

    <p class='ocr_par' dir='ltr' id='par_1_6' title="bbox 245 3138 1248 3228">
     <span class='ocr_line' id='line_1_28' title="bbox 245 3138 1248 3228; baseline 0 -24"><span class='ocrx_word' id='word_1_155' title='bbox 245 3141 508 3225; x_wconf 81' lang='lat' dir='ltr'>numertuplcr</span> <span class='ocrx_word' id='word_1_156' title='bbox 1001 3138 1134 3226; x_wconf 89' lang='lat' dir='ltr'>(nummi</span> <span class='ocrx_word' id='word_1_157' title='bbox 1148 3139 1248 3228; x_wconf 92' lang='lat' dir='ltr'>dupli)</span> 
     </span>
    </p>

    <p class='ocr_par' dir='ltr' id='par_1_7' title="bbox 240 3235 1384 3326">
     <span class='ocr_line' id='line_1_29' title="bbox 240 3235 1384 3326; baseline 0.002 -24"><span class='ocrx_word' id='word_1_158' title='bbox 240 3238 372 3323; x_wconf 81' lang='lat' dir='ltr'>popter</span> <span class='ocrx_word' id='word_1_159' title='bbox 385 3239 583 3324; x_wconf 81' lang='lat' dir='ltr'>anfercner</span> <span class='ocrx_word' id='word_1_160' title='bbox 995 3235 1384 3326; x_wconf 83' lang='lat' dir='ltr'>(populicircumferendi)</span> 
     </span>
    </p>

    <p class='ocr_par' dir='ltr' id='par_1_8' title="bbox 246 3333 1121 3425">
     <span class='ocr_line' id='line_1_30' title="bbox 246 3333 1121 3425; baseline 0.002 -25"><span class='ocrx_word' id='word_1_161' title='bbox 246 3335 353 3418; x_wconf 78' lang='lat' dir='ltr'>farer</span> <span class='ocrx_word' id='word_1_162' title='bbox 431 3405 441 3421; x_wconf 57' lang='lat'>‚</span> <span class='ocrx_word' id='word_1_163' title='bbox 997 3333 1121 3425; x_wconf 83' lang='lat' dir='ltr'>(farris)</span> 
     </span>
    </p>

    <p class='ocr_par' dir='ltr' id='par_1_9' title="bbox 245 3431 1160 3523">
     <span class='ocr_line' id='line_1_31' title="bbox 245 3431 1160 3523; baseline 0.003 -25"><span class='ocrx_word' id='word_1_164' title='bbox 245 3451 394 3499; x_wconf 70' lang='lat' dir='ltr'>nomnen</span> <span class='ocrx_word' id='word_1_165' title='bbox 996 3431 1160 3523; x_wconf 85' lang='lat' dir='ltr'>(nominis)</span> 
     </span>
    </p>

    <p class='ocr_par' dir='ltr' id='par_1_10' title="bbox 245 3527 1215 3717">
     <span class='ocr_line' id='line_1_32' title="bbox 245 3527 1215 3622; baseline 0.003 -25"><span class='ocrx_word' id='word_1_166' title='bbox 245 3531 356 3619; x_wconf 69' lang='lat' dir='ltr'>trifon</span> <span class='ocrx_word' id='word_1_167' title='bbox 993 3527 1136 3622; x_wconf 86' lang='lat' dir='ltr'>(tribus),</span> <span class='ocrx_word' id='word_1_168' title='bbox 1152 3539 1215 3603; x_wconf 83' lang='lat' dir='ltr'>otc.</span> 
     </span>
     <span class='ocr_line' id='line_1_33' title="bbox 288 3626 930 3717; baseline 0 -24"><span class='ocrx_word' id='word_1_169' title='bbox 288 3627 440 3695; x_wconf 76' lang='lat' dir='ltr'>Attamen</span> <span class='ocrx_word' id='word_1_170' title='bbox 453 3629 617 3696; x_wconf 87' lang='lat' dir='ltr'>invenitur</span> <span class='ocrx_word' id='word_1_171' title='bbox 629 3626 771 3713; x_wconf 72' lang='lat' dir='ltr'>Kapros</span> <span class='ocrx_word' id='word_1_172' title='bbox 785 3627 902 3717; x_wconf 81' lang='lat' dir='ltr'>(capri)</span> <span class='ocrx_word' id='word_1_173' title='bbox 923 3649 930 3693; x_wconf 91' lang='lat'>:</span> 
     </span>
    </p>
   </div>
   <div class='ocr_carea' id='block_1_4' title="bbox 244 3721 1219 3916">
    <p class='ocr_par' dir='ltr' id='par_1_11' title="bbox 244 3721 1219 3916">
     <span class='ocr_line' id='line_1_34' title="bbox 291 3721 1219 3814; baseline 0.005 -22"><span class='ocrx_word' id='word_1_174' title='bbox 291 3721 321 3812; x_wconf 75' lang='grc' dir='ltr'>β)</span> <span class='ocrx_word' id='word_1_175' title='bbox 339 3727 378 3792; x_wconf 93' lang='lat' dir='ltr'>In</span> <span class='ocrx_word' id='word_1_176' title='bbox 388 3727 584 3795; x_wconf 83' lang='lat' dir='ltr'>nominativo</span> <span class='ocrx_word' id='word_1_177' title='bbox 598 3726 716 3814; x_wconf 86' lang='lat' dir='ltr'>plurali</span> <span class='ocrx_word' id='word_1_178' title='bbox 730 3729 870 3795; x_wconf 92' lang='lat' dir='ltr'>omnium</span> <span class='ocrx_word' id='word_1_179' title='bbox 883 3726 1141 3806; x_wconf 82' lang='lat' dir='ltr'>declinationum,</span> <span class='ocrx_word' id='word_1_180' title='bbox 1159 3735 1195 3797; x_wconf 92' lang='lat' dir='ltr'>ut</span> <span class='ocrx_word' id='word_1_181' title='bbox 1211 3751 1219 3797; x_wconf 92' lang='lat'><strong>:</strong></span> 
     </span>
     <span class='ocr_line' id='line_1_35' title="bbox 244 3824 1176 3916; baseline 0.004 -26"><span class='ocrx_word' id='word_1_182' title='bbox 244 3824 393 3913; x_wconf 75' lang='lat' dir='ltr'>ivenqar</span> <span class='ocrx_word' id='word_1_183' title='bbox 994 3825 1176 3916; x_wconf 84' lang='lat' dir='ltr'>(juvencae)</span> 
     </span>
    </p>
   </div>
   <div class='ocr_carea' id='block_1_5' title="bbox 244 4043 1388 4596">
    <p class='ocr_par' dir='ltr' id='par_1_12' title="bbox 245 4043 1386 4192">
     <span class='ocr_line' id='line_1_36' title="bbox 279 4043 1386 4110; baseline 0 -10"><span class='ocrx_word' id='word_1_184' title='bbox 279 4047 300 4100; x_wconf 84' lang='lat'>1.</span> <span class='ocrx_word' id='word_1_185' title='bbox 318 4045 355 4099; x_wconf 83' lang='lat' dir='ltr'>cr.</span> <span class='ocrx_word' id='word_1_186' title='bbox 370 4044 497 4106; x_wconf 84' lang='lat' dir='ltr'>corssen,</span> <span class='ocrx_word' id='word_1_187' title='bbox 513 4045 549 4099; x_wconf 87' lang='lat' dir='ltr'>id.</span> <span class='ocrx_word' id='word_1_188' title='bbox 566 4045 586 4108; x_wconf 91' lang='lat'>1,</span> <span class='ocrx_word' id='word_1_189' title='bbox 602 4047 656 4099; x_wconf 72' lang='lat' dir='ltr'>atti.</span> <span class='ocrx_word' id='word_1_190' title='bbox 668 4072 698 4084; x_wconf 96' lang='lat'><em>-</em></span> <span class='ocrx_word' id='word_1_191' title='bbox 711 4043 759 4099; x_wconf 78' lang='lat'>011.</span> <span class='ocrx_word' id='word_1_192' title='bbox 770 4045 910 4101; x_wconf 81' lang='lat' dir='ltr'>Aurreoht</span> <span class='ocrx_word' id='word_1_193' title='bbox 924 4044 983 4100; x_wconf 89' lang='lat' dir='ltr'>und</span> <span class='ocrx_word' id='word_1_194' title='bbox 997 4046 1028 4100; x_wconf 84' lang='grc' dir='ltr'>Α.</span> <span class='ocrx_word' id='word_1_195' title='bbox 1041 4044 1197 4110; x_wconf 75' lang='lat' dir='ltr'>Kirchholt</span> <span class='ocrx_word' id='word_1_196' title='bbox 1210 4049 1262 4102; x_wconf 80' lang='lat' dir='ltr'>Du</span> <span class='ocrx_word' id='word_1_197' title='bbox 1274 4046 1386 4101; x_wconf 74' lang='lat' dir='ltr'>umbric-</span> 
     </span>
     <span class='ocr_line' id='line_1_37' title="bbox 245 4123 708 4192; baseline -0.002 -15"><span class='ocrx_word' id='word_1_198' title='bbox 245 4125 313 4178; x_wconf 78' lang='lat' dir='ltr'>clten</span> <span class='ocrx_word' id='word_1_199' title='bbox 325 4123 602 4192; x_wconf 77' lang='lat' dir='ltr'>spractdectnmeter,</span> <span class='ocrx_word' id='word_1_200' title='bbox 619 4125 640 4189; x_wconf 91' lang='lat' dir='ltr'>l,</span> <span class='ocrx_word' id='word_1_201' title='bbox 656 4126 708 4178; x_wconf 82' lang='lat'>10³.</span> 
     </span>
    </p>

    <p class='ocr_par' dir='ltr' id='par_1_13' title="bbox 244 4204 1388 4514">
     <span class='ocr_line' id='line_1_38' title="bbox 273 4204 1387 4273; baseline 0.003 -15"><span class='ocrx_word' id='word_1_202' title='bbox 273 4208 298 4259; x_wconf 74' lang='lat'>2.</span> <span class='ocrx_word' id='word_1_203' title='bbox 314 4207 415 4258; x_wconf 72' lang='lat' dir='ltr'>Bonoso</span> <span class='ocrx_word' id='word_1_204' title='bbox 431 4218 545 4272; x_wconf 90' lang='lat' dir='ltr'>qnoque</span> <span class='ocrx_word' id='word_1_205' title='bbox 560 4204 709 4272; x_wconf 86' lang='lat' dir='ltr'>excipiunt</span> <span class='ocrx_word' id='word_1_206' title='bbox 721 4204 860 4261; x_wconf 81' lang='lat' dir='ltr'>Aufrecht</span> <span class='ocrx_word' id='word_1_207' title='bbox 874 4205 933 4259; x_wconf 86' lang='lat' dir='ltr'>und</span> <span class='ocrx_word' id='word_1_208' title='bbox 947 4204 1101 4264; x_wconf 82' lang='lat' dir='ltr'>liirohhoit.</span> <span class='ocrx_word' id='word_1_209' title='bbox 1120 4207 1289 4273; x_wconf 83' lang='lat' dir='ltr'>quihuehoc</span> <span class='ocrx_word' id='word_1_210' title='bbox 1302 4219 1387 4261; x_wconf 87' lang='lat' dir='ltr'>voca-</span> 
     </span>
     <span class='ocr_line' id='line_1_39' title="bbox 245 4283 1388 4352; baseline 0.002 -13"><span class='ocrx_word' id='word_1_211' title='bbox 245 4285 347 4339; x_wconf 85' lang='lat' dir='ltr'>bulum</span> <span class='ocrx_word' id='word_1_212' title='bbox 355 4288 485 4337; x_wconf 73' lang='lat' dir='ltr'>venenet</span> <span class='ocrx_word' id='word_1_213' title='bbox 494 4283 646 4351; x_wconf 54' lang='lat' dir='ltr'>significan</span> <span class='ocrx_word' id='word_1_214' title='bbox 657 4286 748 4351; x_wconf 76' lang='lat' dir='ltr'>nagge</span> <span class='ocrx_word' id='word_1_215' title='bbox 759 4290 856 4339; x_wconf 82' lang='lat' dir='ltr'>eutem</span> <span class='ocrx_word' id='word_1_216' title='bbox 866 4285 984 4351; x_wconf 86' lang='lat' dir='ltr'>(lluhn&#39;s</span> <span class='ocrx_word' id='word_1_217' title='bbox 992 4286 1156 4352; x_wconf 73' lang='lat' dir='ltr'>zeitschrift,</span> <span class='ocrx_word' id='word_1_218' title='bbox 1166 4286 1237 4341; x_wconf 83' lang='lat' dir='ltr'>iiiiii</span> <span class='ocrx_word' id='word_1_219' title='bbox 1240 4288 1338 4351; x_wconf 74' lang='grc'><strong>,5,416)</strong></span> <span class='ocrx_word' id='word_1_220' title='bbox 1346 4299 1388 4341; x_wconf 88' lang='lat' dir='ltr'>os·</span> 
     </span>
     <span class='ocr_line' id='line_1_40' title="bbox 244 4363 1386 4433; baseline 0.002 -15"><span class='ocrx_word' id='word_1_221' title='bbox 244 4363 337 4418; x_wconf 85' lang='lat' dir='ltr'>tendit</span> <span class='ocrx_word' id='word_1_222' title='bbox 350 4368 478 4417; x_wconf 70' lang='lat' dir='ltr'>ommni</span> <span class='ocrx_word' id='word_1_223' title='bbox 491 4363 521 4416; x_wconf 93' lang='lat' dir='ltr'>in</span> <span class='ocrx_word' id='word_1_224' title='bbox 538 4364 667 4418; x_wconf 82' lang='lat' dir='ltr'>umbrica</span> <span class='ocrx_word' id='word_1_225' title='bbox 680 4365 801 4419; x_wconf 84' lang='lat' dir='ltr'>dialecto</span> <span class='ocrx_word' id='word_1_226' title='bbox 820 4366 896 4417; x_wconf 68' lang='lat' dir='ltr'>tem</span> <span class='ocrx_word' id='word_1_227' title='bbox 909 4378 968 4419; x_wconf 90' lang='lat' dir='ltr'>non</span> <span class='ocrx_word' id='word_1_228' title='bbox 984 4366 1078 4420; x_wconf 78' lang='lat' dir='ltr'>deauco</span> <span class='ocrx_word' id='word_1_229' title='bbox 1093 4371 1264 4422; x_wconf 83' lang='lat' dir='ltr'>sanaturum</span> <span class='ocrx_word' id='word_1_230' title='bbox 1282 4367 1386 4433; x_wconf 78' lang='lat' dir='ltr'>luisse;</span> 
     </span>
     <span class='ocr_line' id='line_1_41' title="bbox 247 4446 1386 4514; baseline 0.003 -15"><span class='ocrx_word' id='word_1_231' title='bbox 247 4446 448 4501; x_wconf 72' lang='lat' dir='ltr'>commeantem</span> <span class='ocrx_word' id='word_1_232' title='bbox 463 4446 548 4501; x_wconf 85' lang='lat' dir='ltr'>tertia</span> <span class='ocrx_word' id='word_1_233' title='bbox 560 4459 683 4513; x_wconf 81' lang='lat' dir='ltr'>persona</span> <span class='ocrx_word' id='word_1_234' title='bbox 698 4446 852 4514; x_wconf 75' lang='lat' dir='ltr'>singularis</span> <span class='ocrx_word' id='word_1_235' title='bbox 864 4447 958 4501; x_wconf 83' lang='lat' dir='ltr'>loturi</span> <span class='ocrx_word' id='word_1_236' title='bbox 970 4447 1062 4503; x_wconf 85' lang='lat' dir='ltr'>exacti</span> <span class='ocrx_word' id='word_1_237' title='bbox 1074 4447 1181 4514; x_wconf 83' lang='lat' dir='ltr'>passivi</span> <span class='ocrx_word' id='word_1_238' title='bbox 1190 4461 1253 4504; x_wconf 87' lang='lat' dir='ltr'>esse</span> <span class='ocrx_word' id='word_1_239' title='bbox 1263 4447 1386 4505; x_wconf 82' lang='lat' dir='ltr'>videtur.</span> 
     </span>
    </p>

    <p class='ocr_par' dir='ltr' id='par_1_14' title="bbox 277 4524 1050 4596">
     <span class='ocr_line' id='line_1_42' title="bbox 277 4524 1050 4596; baseline 0.001 -17"><span class='ocrx_word' id='word_1_240' title='bbox 277 4528 301 4581; x_wconf 79' lang='lat'>³.</span> <span class='ocrx_word' id='word_1_241' title='bbox 318 4525 377 4590; x_wconf 86' lang='lat' dir='ltr'>Vel,</span> <span class='ocrx_word' id='word_1_242' title='bbox 392 4529 426 4581; x_wconf 89' lang='lat' dir='ltr'>ut</span> <span class='ocrx_word' id='word_1_243' title='bbox 435 4524 569 4581; x_wconf 76' lang='lat' dir='ltr'>Huschke</span> <span class='ocrx_word' id='word_1_244' title='bbox 585 4525 719 4593; x_wconf 79' lang='lat' dir='ltr'>declarat,</span> <span class='ocrx_word' id='word_1_245' title='bbox 732 4525 858 4591; x_wconf 82' lang='lat' dir='ltr'>videant,</span> <span class='ocrx_word' id='word_1_246' title='bbox 872 4527 908 4580; x_wconf 80' lang='lat' dir='ltr'>ct.</span> <span class='ocrx_word' id='word_1_247' title='bbox 924 4529 1050 4596; x_wconf 69' lang='grc' dir='ltr'>δέρκομαι.</span> 
     </span>
    </p>
   </div>
   <div class='ocr_carea' id='block_1_6' title="bbox 0 0 1642 5482">
    <p class='ocr_par' dir='ltr' id='par_1_15' title="bbox 0 0 1642 5482">
     <span class='ocr_line' id='line_1_43' title="bbox 0 0 1642 5482; baseline 0 1"><span class='ocrx_word' id='word_1_248' title='bbox 0 0 1642 5482; x_wconf 95' lang='lat' dir='ltr'> </span> 
     </span>
    </p>
   </div>
  </div>
 </body>
</html>
