3276 5482
742 352 901 414 ..ηιμ

248 476 421 547 attenuata,
440 468 632 534 substantivi
646 467 827 533 terminatio
841 468 904 532 rei
919 465 1068 552 adjuncta
1081 466 1152 544 fuit,
1168 467 1275 552 sicque
1288 466 1397 555 adjec-

247 569 305 633 tivi
319 566 490 633 declinatio
504 566 544 632 ad
558 581 713 632 summam
727 567 761 630 in
774 582 935 631 norraena
948 563 1085 631 dialecto
1103 572 1287 650 sequentem
1308 585 1397 632 asse-

247 671 322 731 cuta
334 672 384 731 est
396 665 530 730 lormam
545 663 568 728 ¹.

712 759 925 828 smannens.

246 859 279 927 N
323 862 449 947 tany-r
760 860 839 946 liing
1245 859 1354 948 lang-t

247 958 278 1022 A
322 957 462 1045 lang-an
763 958 880 1046 lang-a
1243 959 1354 1045 lang-t

248 1058 275 1123 D
323 1056 474 1144 ling-um
759 1058 899 1143 lanycv'
1242 1057 1361 1145 long-u

248 1153 277 1220 G
320 1153 433 1243 lang-s
758 1157 927 1243 tany-ror
1239 1155 1360 1242 lang-s.

732 1256 911 1321 musana.
1234 1303 1237 1309 -

247 1351 278 1418 Ν
325 1353 465 1439 laoy-ir
754 1352 905 1437 tany-ar
1239 1349 1316 1439 liing

247 1450 276 1514 Α
321 1450 440 1538 lang-a
754 1450 906 1535 laoy-or
1237 1448 1316 1536 long

248 1549 273 1612 D
323 1547 473 1634 liiug-nm
753 1545 905 1633 long-um
1239 1546 1389 1633 long-um

247 1645 275 1710 G
319 1646 466 1732 tany-ro
750 1645 902 1730 tany-ro
1236 1645 1385 1730 tany-ra

291 1741 517 1810 Rhotacismus
532 1741 681 1829 adjectivi
695 1742 729 1805 in
743 1741 846 1808 media
860 1761 898 1808 ac
912 1744 1089 1808 recentiore
1101 1743 1265 1808 teutonica
1286 1743 1398 1828 lingua

248 1841 395 1928 perstitit,
417 1840 472 1906 sed
493 1841 527 1905 in
546 1840 724 1905 recentiore
744 1840 876 1905 frisiana
894 1859 1025 1926 prorsus
1039 1841 1184 1918 evanuit,
1212 1846 1307 1925 atque
1322 1848 1399 1906 tan-

247 1944 315 2003 tum
328 1939 362 2002 in
375 1937 543 2004 masculini
555 1939 752 2003 nominativo
764 1937 920 2024 singulari
932 1939 965 2003 in
978 1937 1091 2004 danica
1104 1938 1215 2025 lingua
1226 1939 1395 2026 reperitur;

248 2036 375 2101 suecica
391 2041 505 2102 contra
520 2035 643 2102 nullum
658 2036 726 2122 ejus
741 2035 913 2120 vestigium
927 2042 1049 2101 servat.

290 2135 394 2210 Quum
419 2135 589 2220 participia
616 2135 649 2199 in
677 2134 825 2199 omnibus
852 2133 1044 2220 germanicis
1069 2135 1204 2222 linguis,
1239 2155 1398 2202 norraena

247 2229 382 2299 dialecto
402 2240 549 2319 excepta,
575 2239 728 2318 tanquam
751 2231 909 2318 adjectiva
929 2232 1139 2312 declinentur,
1159 2233 1268 2300 eadem
1286 2235 1398 2300 rhota-

246 2330 337 2396 cismi
359 2331 506 2417 exempla
532 2331 695 2416 praebent,
723 2350 1020 2417 supervacuumque
1045 2338 1094 2397 est
1119 2331 1157 2398 de
1179 2333 1226 2398 eis
1246 2332 1401 2417 privatim

246 2425 422 2506 disserere;
459 2447 576 2515 operae
602 2434 709 2495 autem
740 2429 878 2514 pretium
905 2435 954 2495 est
979 2428 1018 2494 de
1044 2428 1201 2496 islandico
1229 2429 1398 2516 participio

245 2544 349 2610 pauca
363 2525 478 2591 dicere.
504 2524 709 2592 consonante
722 2533 866 2591 extrema
879 2544 897 2591 s
910 2527 945 2591 in
958 2527 1105 2594 omnibus
1128 2527 1302 2615 singularis
1325 2527 1399 2613 plu-

246 2624 387 2710 ralisque
409 2625 535 2691 casibus
551 2626 728 2712 praesentis
749 2625 910 2711 participii
923 2625 1090 2692 excidente
1103 2627 1316 2695 rhotacismus
1332 2630 1398 2693 no'n

246 2719 316 2788 fleri
328 2728 447 2809 potest;
463 2721 518 2789 sed
532 2724 566 2789 in
580 2724 708 2810 plurali,
722 2724 818 2811 juxta
833 2724 1113 2792 terminationemi
1121 2727 1218 2792 trium
1228 2745 1394 2812 generum,

246 2819 349 2886 forma
362 2841 435 2887 cum
448 2840 491 2885 -r
507 2823 658 2900 occurrit,
675 2828 772 2910 atque
789 2823 992 2909 participium
1015 2823 1061 2889 sic
1081 2821 1283 2891 declinatur:
1306 2825 1338 2895 N
1343 2827 1394 2891 .A.

246 2919 432 3004 pesend-r,
449 2921 486 2985 D.
503 2919 731 3006 passed-um,
749 2918 788 2985 G.
804 2920 998 3006 passed-a.

290 3017 500 3101 Participium
513 3023 621 3082 autem
635 3019 811 3102 praeteriti,
829 3037 926 3102 quum
941 3016 1097 3103 duplicem
1118 3018 1253 3084 formam
1276 3039 1349 3086 cum
1371 3021 1397 3086 d

245 3119 362 3180 etcum
379 3135 405 3179 n
424 3134 655 3200 nonnunquam
672 3116 800 3192 habeat,
824 3114 941 3201 duplici
955 3135 1080 3201 quoque
1094 3114 1186 3181 modo
1199 3115 1391 3195 declinatur,

245 3209 345 3278 forma
366 3233 439 3279 cum
460 3234 486 3278 n
508 3234 566 3299 pro
586 3214 863 3281 terminationibus
885 3233 905 3279 a
932 3219 1131 3281 consonante
1154 3214 1394 3300 incipientibus,

244 3307 345 3376 forma
366 3332 438 3378 cum
459 3313 484 3378 d
502 3332 562 3398 pro
580 3312 747 3379 vocalibus
770 3311 926 3398 praelata,
959 3330 1043 3397 quae
1063 3310 1207 3378 confusio
1228 3313 1397 3379 vetustiori

244 3405 374 3496 linguae
396 3411 507 3496 ignota
535 3416 620 3488 erat,
651 3409 685 3475 in
712 3428 776 3494 qua
800 3409 1003 3496 participium
1027 3415 1181 3496 tanquam
1204 3410 1398 3498 adjectivum

244 3525 377 3591 prorsus
389 3507 618 3575 declinabatur.
648 3509 706 3575 His
725 3510 834 3595 itaque
852 3508 974 3576 duobus
990 3507 1100 3574 formis
1118 3510 1229 3576 mixtis
1241 3508 1398 3596 posterius

245 3604 444 3692 perticipium
458 3606 549 3672 verbi
564 3609 635 3673 tela
652 3605 781 3695 (dicere)
798 3608 844 3673 ita
858 3605 1052 3673 declinatum
1065 3607 1136 3673 luit.

715 3706 927 3773 Snsouussrs.

321 3792 324 3797 ⁴
377 3800 409 3866 N
587 3801 712 3867 tatia-r
935 3800 1016 3869 ulis
1186 3800 1257 3866 ulit

582 3898 713 3965 tald-an
730 3899 877 3986 (talin-n)
934 3899 1041 3966 inid-a
1189 3899 1263 3965 talit
1293 3942 1294 3946 =

581 3997 722 4064 told-um
936 3997 1071 4064 talin-ni
1189 3995 1296 4062 told-u

583 4095 693 4162 talis-s
935 4096 1115 4164 tolio-nor
1188 4092 1300 4160 talis-s
1334 4144 1335 4147 η

731 4198 909 4264 Pausania.

583 4292 714 4357 told-ir
933 4292 1074 4357 told-cm
1186 4288 1266 4355 talin

280 4497 303 4549 1.
324 4495 358 4550 ll.
373 4495 481 4564 lleyne,
496 4498 534 4551 id.
549 4500 602 4552 stt.
