3276 5482
742 336 901 392 ..36-

249 445 359 513 mediis
380 443 433 511 vel
457 444 609 510 extremis
628 443 795 511 vocabulis
817 445 967 532 patiatur.
998 448 1147 514 Attamen
1169 449 1204 513 in
1226 446 1277 514 his
1301 450 1399 517 etiam

248 566 314 612 non
330 564 453 630 semper
466 541 686 622 adulteratur;
699 544 815 609 etenim
829 550 903 610 ante
917 552 1134 613 consonantes
1148 544 1263 614 surdas
1274 568 1400 635 semper

248 647 413 710 immutata
427 650 560 730 perstat,
577 649 614 709 ut
629 664 637 708 ;

274 747 380 829 'got
514 746 592 806 taut.
712 759 783 807 sax.
898 762 992 829 angs.
1084 745 1125 810 tr.
1252 765 1324 812 nor.

313 839 399 925 firks
514 837 593 905 visk
709 839 776 922 fise
891 841 957 924 fise
1067 843 1132 928 fise
1242 844 1332 929 fiskr

313 943 412 1024 castr
512 941 593 1022 post
707 942 787 1021 pust
892 939 963 1024 pist
1077 977 1119 990 -
1266 979 1307 993 -

312 1031 431 1101 rasta¹
510 1037 607 1098 roste
703 1038 776 1098 rest
888 1040 986 1101 raest
1073 1072 1117 1087 -
1232 1039 1394 1117 rostetc.

290 1135 367 1200 Post
379 1152 488 1199 omnes
497 1135 720 1210 consonantes,
733 1152 754 1197 r
767 1140 912 1219 excepta,
930 1154 948 1200 s
962 1134 1065 1201 media
1080 1135 1134 1202 vel
1147 1143 1291 1204 extrema
1301 1137 1398 1203 etiam

246 1231 432 1318 plerumque
446 1235 581 1318 perstat,
599 1237 636 1296 ut
651 1251 658 1296 :

330 1331 411 1396 rats
525 1329 603 1397 tals
716 1326 794 1395 tals
907 1329 985 1396 dats
1104 1330 1181 1397 dats
1297 1331 1375 1401 tots

244 1426 302 1495 lat.
332 1447 458 1494 ans-er
522 1445 615 1513 parts
726 1461 771 1476 —
907 1434 971 1513 yos
1119 1463 1163 1478 -
1296 1436 1362 1517 eds

332 1525 466 1591 auctsa
526 1524 609 1590 oots
665 1552 666 1558 ¹
720 1544 770 1591 om
912 1544 980 1591 oar·
1119 1562 1161 1576 -
1298 1529 1361 1595 occi

328 1617 506 1708 varsjw
523 1623 671 1689 wolrsan
716 1621 852 1689 cedson
907 1641 1052 1689 reamare
1096 1623 1205 1690 wama
1294 1632 1358 1693 etc.

289 1721 375 1786 Ante
388 1738 521 1787 sonoras
534 1720 558 1798 l,
576 1739 623 1798 m,
640 1739 677 1796 n,
693 1737 727 1796 c,
739 1738 777 1805 9,
793 1719 963 1807 ingothica
976 1719 1087 1807 lingua
1100 1740 1119 1788 s
1132 1721 1318 1808 plerumque
1333 1723 1396 1789 inz

244 1824 404 1898 mutatur;
431 1822 544 1885 contra
564 1818 598 1884 in
616 1817 752 1886 caeteris
769 1816 925 1898 dialectis,
944 1824 1022 1886 ante
1044 1839 1190 1899 sonoras,
1208 1822 1393 1908 dexcepta,

244 1936 401 2004 ssempar
413 1922 548 2005 perstat,
566 1923 601 1982 ut
619 1937 627 1983 :

332 2021 422 2103 azy&
522 2021 609 2081 ascet
718 2033 800 2082 aare
902 2033 984 2082 aesc
1111 2051 1153 2066 -
1265 2015 1356 2085 asto

333 2109 472 2180 ναιηο8
544 2147 586 2162 -
743 2148 785 2162 -
911 2105 999 2182 rasa
1114 2151 1158 2167 -
1262 2133 1397 2182 rann-r

287 2211 327 2278 In
345 2210 476 2299 gothica
496 2209 605 2297 lingua
629 2215 700 2294 post
722 2228 855 2277 sonoras
880 2230 909 2291 s,
936 2232 1034 2298 quum
1057 2211 1185 2299 quidem
1207 2211 1309 2280 media
1332 2220 1392 2292 est,

244 2308 401 2378 interdum
417 2309 451 2373 in
464 2327 486 2374 z
500 2308 598 2373 etiam
608 2308 758 2386 vertitur,
774 2314 810 2374 ut
826 2309 860 2375 in

421 2424 517 2472 anza
534 2403 643 2492 (nabi)
779 2411 857 2473 tent.
880 2425 947 2474 aas
1143 2428 1215 2476 nor.
1243 2415 1285 2476 tis

421 2501 666 2590 mimz-(caro)
815 2502 856 2569 cf.
879 2524 943 2570 scr.
958 2511 1117 2573 meroc-

421 2600 559 2684 tatzjan
575 2599 715 2687 (dooere)
772 2607 851 2669 teut.
876 2601 977 2689 zeljan
1142 2622 1215 2672 nor.
1236 2602 1336 2691 telja⁴

287 2698 364 2764 Post
379 2717 411 2775 r,
426 2698 461 2763 in
475 2696 604 2782 gothica
617 2694 753 2764 dialecto
766 2718 783 2765 s
797 2698 894 2765 etiam
905 2699 1090 2788 plerumque
1108 2702 1142 2768 in
1155 2722 1175 2768 z
1190 2703 1320 2780 transit,
1338 2701 1396 2768 sed

243 2797 277 2861 in
300 2795 436 2862 caeteris
458 2793 612 2871 dialectis,
637 2812 795 2861 norraena
818 2795 945 2881 quidem
967 2806 1112 2885 excepta,
1138 2800 1221 2868 sicut
1242 2799 1276 2866 in
1292 2797 1395 2868 latinu

242 2894 363 2980 lingua,
380 2913 402 2958 r
415 2891 616 2979 praecedenti
629 2891 708 2958 haec
721 2894 850 2980 spirans
863 2895 1070 2973 assimilatur,
1088 2903 1125 2964 ut
1143 2916 1151 2962 :

243 2998 310 3079 got.
335 2990 457 3077 airzjan
524 2996 603 3056 teut.
630 2988 734 3056 irrora
815 3011 886 3058 sax.
914 2989 1037 3059 irrisa

333 3085 499 3175 maeran⁵
523 3093 601 3152 teut.
627 3087 795 3171 marrjan
814 3108 887 3157 sax.
909 3090 1073 3158 merricn
1100 3111 1193 3179 ange.
1219 3113 1370 3160 marran

195 3197 197 3200 ’
287 3189 324 3252 ln
343 3186 547 3273 sequentibus
569 3184 734 3250 vocabulis
757 3204 774 3251 r
795 3187 829 3251 in
848 3186 976 3272 gothica
990 3186 1126 3256 dialecto
1140 3196 1275 3277 perstat,
1293 3190 1396 3258 sedin

242 3287 377 3351 caeteris
391 3283 535 3351 dialectis
548 3302 673 3370 semper
685 3302 707 3348 r
719 3283 872 3351 tremulae
885 3284 1081 3353 assimilatur
1099 3308 1107 3353 :

241 3389 309 3470 got.
335 3381 474 3449 daursan
542 3388 619 3450 tent.
645 3387 777 3449 terrare
842 3384 1080 3449 sandrimer
1133 3403 1226 3472 angs.
1251 3385 1394 3452 durren

336 3475 507 3566 paursjan⁶
645 3481 781 3547 dorre'n
941 3488 1076 3562 porro'rt
1236 3518 1278 3532 -

287 3577 439 3643 Attamen
451 3578 486 3642 in
500 3577 659 3643 teutonico
673 3577 771 3643 tirso
788 3575 936 3664 (milium)
956 3597 973 3642 s
991 3583 1063 3664 post
1079 3583 1255 3665 rperstat3
1271 3584 1393 3666 perstat

242 3693 367 3760 quoque
386 3676 420 3739 in
441 3673 689 3758 anglosaxonico
709 3678 741 3740 et
760 3674 892 3741 frisiano
915 3694 1072 3753 sermone,
1094 3696 1191 3762 quum
1212 3677 1394 3763 conjunctio

242 3791 281 3838 rs
301 3791 367 3838 non
380 3772 542 3856 primitiva
554 3776 613 3849 est,
628 3770 683 3837 sed
697 3790 715 3836 e
727 3770 854 3838 litterae
865 3791 886 3836 r
896 3779 1075 3857 permutato
1085 3772 1195 3840 ordine
1204 3774 1317 3854 oritur,
1330 3781 1367 3840 ut
1382 3796 1390 3841 :

274 3992 296 4044 1.
313 3992 403 4051 Ptrcts,
421 3989 510 4052 hostis
525 3994 606 4057 putas.

272 4073 296 4128 2
314 4071 599 4133 denumerantes,
616 4083 740 4122 mucce.

272 4152 296 4205 3.
314 4153 394 4212 crau,
410 4152 512 4204 domm.
525 4177 556 4190 -
568 4151 601 4203 tn
615 4162 757 4205 norraeno
771 4164 868 4215 raom,
883 4164 896 4201 s
909 4153 1043 4219 sequenti
1056 4169 1076 4205 r
1089 4153 1272 4210 assimilatur.

270 4232 295 4284 t.
312 4231 367 4285 Leo
382 4231 486 4298 Meyer,
501 4235 552 4285 Dte
564 4231 701 4296 correcte
713 4229 833 4297 rpraeta
848 4245 876 4298 p.
894 4233 946 4286 152.
962 4259 992 4272 -·
1010 4232 1127 4297 drimm,
1147 4235 1281 4288 omrem
1294 4237 1388 4289 Graio

240 4311 336 4376 metti,
352 4313 391 4374 1²,
408 4315 447 4365 55.

271 4395 295 4445 5.
314 4394 420 4450 Errare,
436 4393 571 4457 impedire.

271 4473 295 4523 e.
313 4472 419 4525 Ausim
432 4474 554 4539 (θάρσειν),
572 4487 696 4526 arescere.
713 4471 744 4550 p,
760 4477 784 4549 J
800 4474 836 4531 tt,
855 4459 882 4533 ὅ,
904 4467 1037 4528 drumm
1053 4473 1091 4525 dt
1107 4474 1276 4540 significant.
