<?xml version="1.0" encoding="UTF-8"?>
<!DOCTYPE html PUBLIC "-//W3C//DTD XHTML 1.0 Transitional//EN"
    "http://www.w3.org/TR/xhtml1/DTD/xhtml1-transitional.dtd">
<html xmlns="http://www.w3.org/1999/xhtml" xml:lang="en" lang="en">
 <head>
  <title>
</title>
<meta http-equiv="Content-Type" content="text/html;charset=utf-8" />
  <meta name='ocr-system' content='tesseract 3.04.00' />
  <meta name='ocr-capabilities' content='ocr_page ocr_carea ocr_par ocr_line ocrx_word'/>
</head>
<body>
  <div class='ocr_page' id='page_1' title='image "./derhotacismoini00joregoog_0062.png"; bbox 0 0 3276 5482; ppageno 0'>
   <div class='ocr_carea' id='block_1_1' title="bbox 665 421 823 478">
    <p class='ocr_par' dir='ltr' id='par_1_1' title="bbox 665 421 823 478">
     <span class='ocr_line' id='line_1_1' title="bbox 665 421 823 478; baseline -0.013 -18"><span class='ocrx_word' id='word_1_1' title='bbox 665 421 823 478; x_wconf 57' lang='lat'>„13-</span> 
     </span>
    </p>
   </div>
   <div class='ocr_carea' id='block_1_2' title="bbox 171 531 1322 994">
    <p class='ocr_par' dir='ltr' id='par_1_2' title="bbox 171 531 1322 994">
     <span class='ocr_line' id='line_1_2' title="bbox 173 531 1319 618; baseline 0.001 -18"><span class='ocrx_word' id='word_1_2' title='bbox 173 534 312 600; x_wconf 89' lang='lat' dir='ltr'>omnium</span> <span class='ocrx_word' id='word_1_3' title='bbox 337 532 513 598; x_wconf 89' lang='lat' dir='ltr'>thematum</span> <span class='ocrx_word' id='word_1_4' title='bbox 533 550 551 596; x_wconf 82' lang='lat' dir='ltr'>s</span> <span class='ocrx_word' id='word_1_5' title='bbox 572 531 759 618; x_wconf 81' lang='lat' dir='ltr'>perstiterit,</span> <span class='ocrx_word' id='word_1_6' title='bbox 788 537 885 615; x_wconf 81' lang='lat' dir='ltr'>atque</span> <span class='ocrx_word' id='word_1_7' title='bbox 906 531 940 597; x_wconf 90' lang='lat' dir='ltr'>in</span> <span class='ocrx_word' id='word_1_8' title='bbox 964 532 1160 598; x_wconf 82' lang='lat' dir='ltr'>nominativo</span> <span class='ocrx_word' id='word_1_9' title='bbox 1183 554 1319 601; x_wconf 89' lang='lat' dir='ltr'>accusa·</span> 
     </span>
     <span class='ocr_line' id='line_1_3' title="bbox 172 628 1319 717; baseline 0.002 -20"><span class='ocrx_word' id='word_1_10' title='bbox 172 635 300 717; x_wconf 91' lang='lat' dir='ltr'>tivoque</span> <span class='ocrx_word' id='word_1_11' title='bbox 312 631 498 706; x_wconf 89' lang='lat' dir='ltr'>thematum,</span> <span class='ocrx_word' id='word_1_12' title='bbox 515 649 598 714; x_wconf 88' lang='lat' dir='ltr'>quae</span> <span class='ocrx_word' id='word_1_13' title='bbox 611 628 645 694; x_wconf 90' lang='lat' dir='ltr'>in</span> <span class='ocrx_word' id='word_1_14' title='bbox 665 629 680 692; x_wconf 88' lang='lat' dir='ltr'>i</span> <span class='ocrx_word' id='word_1_15' title='bbox 700 628 861 706; x_wconf 86' lang='lat' dir='ltr'>desinunt,</span> <span class='ocrx_word' id='word_1_16' title='bbox 884 628 1050 706; x_wconf 76' lang='lat' dir='ltr'>exciderit,</span> <span class='ocrx_word' id='word_1_17' title='bbox 1074 631 1108 696; x_wconf 91' lang='lat' dir='ltr'>in</span> <span class='ocrx_word' id='word_1_18' title='bbox 1122 632 1319 699; x_wconf 88' lang='lat' dir='ltr'>nominativo</span> 
     </span>
     <span class='ocr_line' id='line_1_4' title="bbox 171 727 1319 816; baseline -0.003 -18"><span class='ocrx_word' id='word_1_19' title='bbox 171 731 419 816; x_wconf 87' lang='lat' dir='ltr'>accusativoque</span> <span class='ocrx_word' id='word_1_20' title='bbox 445 728 561 815; x_wconf 77' lang='lat' dir='ltr'>plurali</span> <span class='ocrx_word' id='word_1_21' title='bbox 574 727 823 806; x_wconf 81' lang='lat' dir='ltr'><strong>masculinorum</strong></span> <span class='ocrx_word' id='word_1_22' title='bbox 841 728 1028 807; x_wconf 88' lang='lat' dir='ltr'>thematum,</span> <span class='ocrx_word' id='word_1_23' title='bbox 1047 750 1129 815; x_wconf 87' lang='lat' dir='ltr'>quae</span> <span class='ocrx_word' id='word_1_24' title='bbox 1143 731 1177 801; x_wconf 82' lang='lat' dir='ltr'>in</span> <span class='ocrx_word' id='word_1_25' title='bbox 1191 750 1213 799; x_wconf 86' lang='lat' dir='ltr'>a</span> <span class='ocrx_word' id='word_1_26' title='bbox 1229 730 1280 796; x_wconf 88' lang='lat' dir='ltr'>vel</span> <span class='ocrx_word' id='word_1_27' title='bbox 1294 751 1319 795; x_wconf 82' lang='lat' dir='ltr'><strong><em>u</em></strong></span> 
     </span>
     <span class='ocr_line' id='line_1_5' title="bbox 171 824 1322 916; baseline 0 -21"><span class='ocrx_word' id='word_1_28' title='bbox 171 829 331 906; x_wconf 87' lang='lat' dir='ltr'>desinunt,</span> <span class='ocrx_word' id='word_1_29' title='bbox 349 829 383 893; x_wconf 94' lang='lat' dir='ltr'>in</span> <span class='ocrx_word' id='word_1_30' title='bbox 405 847 427 892; x_wconf 81' lang='lat' dir='ltr'>r</span> <span class='ocrx_word' id='word_1_31' title='bbox 447 828 587 905; x_wconf 89' lang='lat' dir='ltr'>transiit,</span> <span class='ocrx_word' id='word_1_32' title='bbox 601 835 636 893; x_wconf 92' lang='lat' dir='ltr'>ut</span> <span class='ocrx_word' id='word_1_33' title='bbox 664 828 698 891; x_wconf 91' lang='lat' dir='ltr'>in</span> <span class='ocrx_word' id='word_1_34' title='bbox 724 826 864 894; x_wconf 78' lang='lat' dir='ltr'>themate</span> <span class='ocrx_word' id='word_1_35' title='bbox 882 826 976 910; x_wconf 75' lang='lat' dir='ltr'>fiske</span> <span class='ocrx_word' id='word_1_36' title='bbox 1003 824 1137 915; x_wconf 86' lang='lat' dir='ltr'>(piscis),</span> <span class='ocrx_word' id='word_1_37' title='bbox 1166 827 1251 916; x_wconf 88' lang='lat' dir='ltr'>quod</span> <span class='ocrx_word' id='word_1_38' title='bbox 1272 829 1322 905; x_wconf 80' lang='lat' dir='ltr'>sic</span> 
     </span>
     <span class='ocr_line' id='line_1_6' title="bbox 171 928 375 994; baseline -0.01 0"><span class='ocrx_word' id='word_1_39' title='bbox 171 928 375 994; x_wconf 89' lang='lat' dir='ltr'>declinatur:</span> 
     </span>
    </p>
   </div>
   <div class='ocr_carea' id='block_1_3' title="bbox 627 1021 1143 1112">
    <p class='ocr_par' dir='ltr' id='par_1_3' title="bbox 627 1021 1143 1112">
     <span class='ocr_line' id='line_1_7' title="bbox 627 1021 1143 1112; baseline -0.002 -22"><span class='ocrx_word' id='word_1_40' title='bbox 627 1024 807 1112; x_wconf 82' lang='lat' dir='ltr'>Singularis</span> <span class='ocrx_word' id='word_1_41' title='bbox 1002 1021 1143 1089; x_wconf 72' lang='lat' dir='ltr'>riuus</span> 
     </span>
    </p>
   </div>
   <div class='ocr_carea' id='block_1_4' title="bbox 170 1121 1321 4435">
    <p class='ocr_par' dir='ltr' id='par_1_4' title="bbox 348 1121 1143 1205">
     <span class='ocr_line' id='line_1_8' title="bbox 348 1121 1143 1205; baseline -0.006 -15"><span class='ocrx_word' id='word_1_42' title='bbox 348 1122 379 1190; x_wconf 92' lang='lat' dir='ltr'><strong>N</strong></span> <span class='ocrx_word' id='word_1_43' title='bbox 674 1121 736 1189; x_wconf 87' lang='lat' dir='ltr'>fisk</span> <span class='ocrx_word' id='word_1_44' title='bbox 1010 1121 1143 1205; x_wconf 57' lang='lat' dir='ltr'>fisbuer</span> 
     </span>
    </p>

    <p class='ocr_par' dir='ltr' id='par_1_5' title="bbox 350 1219 1140 1303">
     <span class='ocr_line' id='line_1_9' title="bbox 350 1219 1140 1303; baseline -0.005 -17"><span class='ocrx_word' id='word_1_45' title='bbox 350 1221 379 1293; x_wconf 78' lang='grc' dir='ltr'>Α</span> <span class='ocrx_word' id='word_1_46' title='bbox 674 1219 736 1286; x_wconf 85' lang='lat' dir='ltr'>fisk</span> <span class='ocrx_word' id='word_1_47' title='bbox 1006 1219 1140 1303; x_wconf 75' lang='lat' dir='ltr'>fiske-r</span> 
     </span>
    </p>

    <p class='ocr_par' dir='ltr' id='par_1_6' title="bbox 348 1316 1144 1388">
     <span class='ocr_line' id='line_1_10' title="bbox 348 1316 1144 1388; baseline 0 -4"><span class='ocrx_word' id='word_1_48' title='bbox 348 1319 376 1384; x_wconf 81' lang='lat' dir='ltr'><strong>n</strong></span> <span class='ocrx_word' id='word_1_49' title='bbox 672 1317 755 1388; x_wconf 83' lang='lat' dir='ltr'>flska</span> <span class='ocrx_word' id='word_1_50' title='bbox 1012 1316 1144 1384; x_wconf 82' lang='lat' dir='ltr'>fiske-m</span> 
     </span>
    </p>

    <p class='ocr_par' dir='ltr' id='par_1_7' title="bbox 171 1412 1320 1698">
     <span class='ocr_line' id='line_1_11' title="bbox 349 1412 1117 1483; baseline 0.001 -5"><span class='ocrx_word' id='word_1_51' title='bbox 349 1412 377 1478; x_wconf 92' lang='lat' dir='ltr'><strong>G</strong></span> <span class='ocrx_word' id='word_1_52' title='bbox 672 1414 780 1483; x_wconf 78' lang='lat' dir='ltr'>dubi-s</span> <span class='ocrx_word' id='word_1_53' title='bbox 1014 1413 1117 1482; x_wconf 84' lang='lat' dir='ltr'>fiska¹</span> 
     </span>
     <span class='ocr_line' id='line_1_12' title="bbox 171 1510 1320 1598; baseline -0.003 -19"><span class='ocrx_word' id='word_1_54' title='bbox 171 1510 349 1580; x_wconf 90' lang='lat' dir='ltr'>Declinatio</span> <span class='ocrx_word' id='word_1_55' title='bbox 367 1518 477 1583; x_wconf 85' lang='lat' dir='ltr'>autem</span> <span class='ocrx_word' id='word_1_56' title='bbox 495 1511 605 1577; x_wconf 90' lang='lat' dir='ltr'>debilis</span> <span class='ocrx_word' id='word_1_57' title='bbox 626 1531 643 1578; x_wconf 81' lang='lat' dir='ltr'>s</span> <span class='ocrx_word' id='word_1_58' title='bbox 662 1519 840 1584; x_wconf 81' lang='lat' dir='ltr'>extremam</span> <span class='ocrx_word' id='word_1_59' title='bbox 862 1514 894 1578; x_wconf 94' lang='lat' dir='ltr'>in</span> <span class='ocrx_word' id='word_1_60' title='bbox 914 1512 1060 1578; x_wconf 90' lang='lat' dir='ltr'>omnibus</span> <span class='ocrx_word' id='word_1_61' title='bbox 1076 1513 1204 1578; x_wconf 82' lang='lat' dir='ltr'><strong>casibus</strong></span> <span class='ocrx_word' id='word_1_62' title='bbox 1216 1510 1320 1598; x_wconf 85' lang='lat' dir='ltr'>perdit</span> 
     </span>
     <span class='ocr_line' id='line_1_13' title="bbox 171 1608 1211 1698; baseline 0.002 -24"><span class='ocrx_word' id='word_1_63' title='bbox 171 1608 301 1694; x_wconf 85' lang='lat' dir='ltr'>ideoque</span> <span class='ocrx_word' id='word_1_64' title='bbox 313 1608 434 1677; x_wconf 90' lang='lat' dir='ltr'>nullam</span> <span class='ocrx_word' id='word_1_65' title='bbox 448 1610 544 1696; x_wconf 88' lang='lat' dir='ltr'>hujus</span> <span class='ocrx_word' id='word_1_66' title='bbox 557 1610 685 1676; x_wconf 80' lang='lat' dir='ltr'>litterae</span> <span class='ocrx_word' id='word_1_67' title='bbox 693 1613 902 1680; x_wconf 85' lang='lat' dir='ltr'>mutationem</span> <span class='ocrx_word' id='word_1_68' title='bbox 916 1611 1082 1679; x_wconf 90' lang='lat' dir='ltr'>ostendere</span> <span class='ocrx_word' id='word_1_69' title='bbox 1095 1617 1211 1698; x_wconf 92' lang='lat' dir='ltr'>potest.</span> 
     </span>
    </p>

    <p class='ocr_par' dir='ltr' id='par_1_8' title="bbox 170 1707 1321 3735">
     <span class='ocr_line' id='line_1_14' title="bbox 214 1707 1321 1796; baseline -0.002 -21"><span class='ocrx_word' id='word_1_70' title='bbox 214 1708 462 1785; x_wconf 84' lang='lat' dir='ltr'>Rhotacismum,</span> <span class='ocrx_word' id='word_1_71' title='bbox 480 1715 516 1774; x_wconf 88' lang='lat' dir='ltr'>ut</span> <span class='ocrx_word' id='word_1_72' title='bbox 529 1707 681 1787; x_wconf 92' lang='lat' dir='ltr'>videmus,</span> <span class='ocrx_word' id='word_1_73' title='bbox 703 1709 872 1777; x_wconf 79' lang='lat' dir='ltr'>declinatio</span> <span class='ocrx_word' id='word_1_74' title='bbox 894 1709 1027 1776; x_wconf 76' lang='lat' dir='ltr'>frisiam</span> <span class='ocrx_word' id='word_1_75' title='bbox 1047 1712 1082 1776; x_wconf 92' lang='lat' dir='ltr'>in</span> <span class='ocrx_word' id='word_1_76' title='bbox 1100 1708 1219 1796; x_wconf 89' lang='lat' dir='ltr'>plurali</span> <span class='ocrx_word' id='word_1_77' title='bbox 1238 1727 1321 1774; x_wconf 91' lang='lat' dir='ltr'>non·</span> 
     </span>
     <span class='ocr_line' id='line_1_15' title="bbox 170 1807 1316 1892; baseline -0.001 -21"><span class='ocrx_word' id='word_1_78' title='bbox 170 1825 334 1891; x_wconf 90' lang='lat' dir='ltr'>nunquam</span> <span class='ocrx_word' id='word_1_79' title='bbox 351 1812 504 1892; x_wconf 88' lang='lat' dir='ltr'>usurpat;</span> <span class='ocrx_word' id='word_1_80' title='bbox 527 1808 561 1871; x_wconf 93' lang='lat' dir='ltr'>in</span> <span class='ocrx_word' id='word_1_81' title='bbox 581 1809 726 1873; x_wconf 88' lang='lat' dir='ltr'>norrensi</span> <span class='ocrx_word' id='word_1_82' title='bbox 749 1807 884 1879; x_wconf 85' lang='lat' dir='ltr'>dialecto</span> <span class='ocrx_word' id='word_1_83' title='bbox 901 1827 973 1872; x_wconf 89' lang='lat' dir='ltr'>eum</span> <span class='ocrx_word' id='word_1_84' title='bbox 991 1827 1115 1892; x_wconf 87' lang='lat' dir='ltr'>quoque</span> <span class='ocrx_word' id='word_1_85' title='bbox 1131 1807 1316 1892; x_wconf 91' lang='lat' dir='ltr'>reperimus.</span> 
     </span>
     <span class='ocr_line' id='line_1_16' title="bbox 171 1904 1321 1991; baseline -0.002 -21"><span class='ocrx_word' id='word_1_86' title='bbox 171 1904 209 1970; x_wconf 92' lang='lat' dir='ltr'>ln</span> <span class='ocrx_word' id='word_1_87' title='bbox 222 1904 286 1977; x_wconf 78' lang='lat' dir='ltr'>hoe,</span> <span class='ocrx_word' id='word_1_88' title='bbox 296 1923 442 1970; x_wconf 84' lang='lat' dir='ltr'>sermone</span> <span class='ocrx_word' id='word_1_89' title='bbox 455 1904 539 1975; x_wconf 88' lang='lat' dir='ltr'>enim</span> <span class='ocrx_word' id='word_1_90' title='bbox 553 1911 697 1972; x_wconf 79' lang='lat' dir='ltr'>extrema</span> <span class='ocrx_word' id='word_1_91' title='bbox 716 1926 734 1972; x_wconf 85' lang='lat' dir='ltr'>s</span> <span class='ocrx_word' id='word_1_92' title='bbox 755 1907 788 1972; x_wconf 91' lang='lat' dir='ltr'>in</span> <span class='ocrx_word' id='word_1_93' title='bbox 804 1906 999 1974; x_wconf 86' lang='lat' dir='ltr'>nominativo</span> <span class='ocrx_word' id='word_1_94' title='bbox 1012 1905 1173 1991; x_wconf 86' lang='lat' dir='ltr'>singulari</span> <span class='ocrx_word' id='word_1_95' title='bbox 1185 1904 1321 1989; x_wconf 91' lang='lat' dir='ltr'>plurali-</span> 
     </span>
     <span class='ocr_line' id='line_1_17' title="bbox 171 2001 1317 2088; baseline 0.001 -20"><span class='ocrx_word' id='word_1_96' title='bbox 171 2022 232 2088; x_wconf 88' lang='lat' dir='ltr'>que</span> <span class='ocrx_word' id='word_1_97' title='bbox 246 2001 422 2068; x_wconf 90' lang='lat' dir='ltr'>masculino</span> <span class='ocrx_word' id='word_1_98' title='bbox 433 2001 619 2080; x_wconf 89' lang='lat' dir='ltr'>thematum,</span> <span class='ocrx_word' id='word_1_99' title='bbox 635 2023 718 2088; x_wconf 88' lang='lat' dir='ltr'>quae</span> <span class='ocrx_word' id='word_1_100' title='bbox 732 2003 766 2069; x_wconf 91' lang='lat' dir='ltr'>in</span> <span class='ocrx_word' id='word_1_101' title='bbox 779 2023 813 2082; x_wconf 84' lang='lat' dir='ltr'>a,</span> <span class='ocrx_word' id='word_1_102' title='bbox 830 2004 845 2068; x_wconf 85' lang='lat' dir='ltr'>i</span> <span class='ocrx_word' id='word_1_103' title='bbox 848 2055 855 2083; x_wconf 88' lang='lat'>‚</span> <span class='ocrx_word' id='word_1_104' title='bbox 873 2024 899 2068; x_wconf 83' lang='lat' dir='ltr'>u</span> <span class='ocrx_word' id='word_1_105' title='bbox 913 2002 1072 2082; x_wconf 87' lang='lat' dir='ltr'>desinunt,</span> <span class='ocrx_word' id='word_1_106' title='bbox 1095 2003 1128 2067; x_wconf 90' lang='lat' dir='ltr'>in</span> <span class='ocrx_word' id='word_1_107' title='bbox 1147 2007 1317 2078; x_wconf 81' lang='lat' dir='ltr'>rmutata,</span> 
     </span>
     <span class='ocr_line' id='line_1_18' title="bbox 170 2099 1320 2188; baseline 0 -23"><span class='ocrx_word' id='word_1_108' title='bbox 170 2099 328 2187; x_wconf 90' lang='lat' dir='ltr'>perstitit;</span> <span class='ocrx_word' id='word_1_109' title='bbox 351 2101 527 2185; x_wconf 88' lang='lat' dir='ltr'>permansit</span> <span class='ocrx_word' id='word_1_110' title='bbox 546 2121 672 2188; x_wconf 86' lang='lat' dir='ltr'>quoque</span> <span class='ocrx_word' id='word_1_111' title='bbox 689 2103 724 2168; x_wconf 90' lang='lat' dir='ltr'>in</span> <span class='ocrx_word' id='word_1_112' title='bbox 737 2102 936 2168; x_wconf 89' lang='lat' dir='ltr'>nominativo</span> <span class='ocrx_word' id='word_1_113' title='bbox 956 2109 988 2167; x_wconf 89' lang='lat' dir='ltr'>et</span> <span class='ocrx_word' id='word_1_114' title='bbox 1002 2103 1188 2169; x_wconf 89' lang='lat' dir='ltr'>accusativo</span> <span class='ocrx_word' id='word_1_115' title='bbox 1203 2100 1320 2188; x_wconf 88' lang='lat' dir='ltr'>plurali</span> 
     </span>
     <span class='ocr_line' id='line_1_19' title="bbox 171 2198 1321 2286; baseline -0.001 -22"><span class='ocrx_word' id='word_1_116' title='bbox 171 2200 334 2278; x_wconf 89' lang='lat' dir='ltr'>feminino,</span> <span class='ocrx_word' id='word_1_117' title='bbox 349 2205 482 2285; x_wconf 87' lang='lat' dir='ltr'>excepto</span> <span class='ocrx_word' id='word_1_118' title='bbox 496 2205 604 2265; x_wconf 87' lang='lat' dir='ltr'>tamen</span> <span class='ocrx_word' id='word_1_119' title='bbox 618 2201 803 2266; x_wconf 87' lang='lat' dir='ltr'>accusativo</span> <span class='ocrx_word' id='word_1_120' title='bbox 823 2199 941 2286; x_wconf 89' lang='lat' dir='ltr'>plurali</span> <span class='ocrx_word' id='word_1_121' title='bbox 961 2199 1136 2268; x_wconf 88' lang='lat' dir='ltr'>thematum</span> <span class='ocrx_word' id='word_1_122' title='bbox 1155 2200 1189 2265; x_wconf 92' lang='lat' dir='ltr'>in</span> <span class='ocrx_word' id='word_1_123' title='bbox 1208 2198 1321 2264; x_wconf 86' lang='lat' dir='ltr'>idesi-</span> 
     </span>
     <span class='ocr_line' id='line_1_20' title="bbox 171 2297 1320 2384; baseline 0 -22"><span class='ocrx_word' id='word_1_124' title='bbox 171 2297 329 2374; x_wconf 88' lang='lat' dir='ltr'>nentium;</span> <span class='ocrx_word' id='word_1_125' title='bbox 352 2304 465 2363; x_wconf 90' lang='lat' dir='ltr'>contra</span> <span class='ocrx_word' id='word_1_126' title='bbox 480 2302 596 2364; x_wconf 89' lang='lat' dir='ltr'>neutra</span> <span class='ocrx_word' id='word_1_127' title='bbox 618 2297 787 2374; x_wconf 91' lang='lat' dir='ltr'>vocabula,</span> <span class='ocrx_word' id='word_1_128' title='bbox 813 2318 945 2384; x_wconf 84' lang='lat' dir='ltr'>quums</span> <span class='ocrx_word' id='word_1_129' title='bbox 970 2300 1004 2363; x_wconf 94' lang='lat' dir='ltr'>in</span> <span class='ocrx_word' id='word_1_130' title='bbox 1023 2299 1169 2364; x_wconf 91' lang='lat' dir='ltr'>omnibus</span> <span class='ocrx_word' id='word_1_131' title='bbox 1192 2298 1320 2363; x_wconf 81' lang='lat' dir='ltr'>casibus</span> 
     </span>
     <span class='ocr_line' id='line_1_21' title="bbox 171 2394 1321 2483; baseline 0 -23"><span class='ocrx_word' id='word_1_132' title='bbox 171 2394 315 2480; x_wconf 89' lang='lat' dir='ltr'>perdant,</span> <span class='ocrx_word' id='word_1_133' title='bbox 340 2396 566 2463; x_wconf 89' lang='lat' dir='ltr'>rhotacismum</span> <span class='ocrx_word' id='word_1_134' title='bbox 588 2416 653 2463; x_wconf 92' lang='lat' dir='ltr'>non</span> <span class='ocrx_word' id='word_1_135' title='bbox 673 2403 842 2483; x_wconf 88' lang='lat' dir='ltr'>usurpant.</span> <span class='ocrx_word' id='word_1_136' title='bbox 867 2397 906 2463; x_wconf 91' lang='lat' dir='ltr'>In</span> <span class='ocrx_word' id='word_1_137' title='bbox 922 2397 1065 2483; x_wconf 87' lang='lat' dir='ltr'>genitivo</span> <span class='ocrx_word' id='word_1_138' title='bbox 1084 2403 1192 2462; x_wconf 91' lang='lat' dir='ltr'>autem</span> <span class='ocrx_word' id='word_1_139' title='bbox 1211 2397 1321 2482; x_wconf 85' lang='lat' dir='ltr'>singu·</span> 
     </span>
     <span class='ocr_line' id='line_1_22' title="bbox 170 2492 1320 2581; baseline -0.001 -23"><span class='ocrx_word' id='word_1_140' title='bbox 170 2492 242 2567; x_wconf 85' lang='lat' dir='ltr'>lari,</span> <span class='ocrx_word' id='word_1_141' title='bbox 259 2493 313 2578; x_wconf 87' lang='lat' dir='ltr'>qui</span> <span class='ocrx_word' id='word_1_142' title='bbox 332 2493 366 2558; x_wconf 93' lang='lat' dir='ltr'>in</span> <span class='ocrx_word' id='word_1_143' title='bbox 379 2493 507 2580; x_wconf 82' lang='lat' dir='ltr'>gothica</span> <span class='ocrx_word' id='word_1_144' title='bbox 520 2492 630 2580; x_wconf 81' lang='lat' dir='ltr'>lingua</span> <span class='ocrx_word' id='word_1_145' title='bbox 645 2513 662 2559; x_wconf 84' lang='lat' dir='ltr'>s</span> <span class='ocrx_word' id='word_1_146' title='bbox 678 2514 801 2580; x_wconf 91' lang='lat' dir='ltr'>semper</span> <span class='ocrx_word' id='word_1_147' title='bbox 816 2494 924 2574; x_wconf 90' lang='lat' dir='ltr'>babet,</span> <span class='ocrx_word' id='word_1_148' title='bbox 941 2494 1021 2560; x_wconf 91' lang='lat' dir='ltr'>haec</span> <span class='ocrx_word' id='word_1_149' title='bbox 1034 2495 1159 2581; x_wconf 86' lang='lat' dir='ltr'>spirans</span> <span class='ocrx_word' id='word_1_150' title='bbox 1178 2495 1212 2558; x_wconf 93' lang='lat' dir='ltr'>in</span> <span class='ocrx_word' id='word_1_151' title='bbox 1226 2493 1320 2558; x_wconf 89' lang='lat' dir='ltr'>femi-</span> 
     </span>
     <span class='ocr_line' id='line_1_23' title="bbox 171 2589 1319 2668; baseline 0.002 -12"><span class='ocrx_word' id='word_1_152' title='bbox 171 2589 255 2656; x_wconf 89' lang='lat' dir='ltr'>ninis</span> <span class='ocrx_word' id='word_1_153' title='bbox 278 2591 376 2656; x_wconf 91' lang='lat' dir='ltr'>trium</span> <span class='ocrx_word' id='word_1_154' title='bbox 402 2589 648 2656; x_wconf 85' lang='lat' dir='ltr'>declinationum</span> <span class='ocrx_word' id='word_1_155' title='bbox 673 2593 708 2657; x_wconf 92' lang='lat' dir='ltr'>in</span> <span class='ocrx_word' id='word_1_156' title='bbox 729 2613 751 2657; x_wconf 79' lang='lat' dir='ltr'>r</span> <span class='ocrx_word' id='word_1_157' title='bbox 772 2592 920 2668; x_wconf 84' lang='lat' dir='ltr'>transiit3</span> <span class='ocrx_word' id='word_1_158' title='bbox 948 2598 1060 2658; x_wconf 88' lang='lat' dir='ltr'>contra</span> <span class='ocrx_word' id='word_1_159' title='bbox 1083 2592 1117 2657; x_wconf 92' lang='lat' dir='ltr'>in</span> <span class='ocrx_word' id='word_1_160' title='bbox 1136 2589 1319 2658; x_wconf 86' lang='lat' dir='ltr'>masculinis</span> 
     </span>
     <span class='ocr_line' id='line_1_24' title="bbox 171 2687 1315 2775; baseline 0.001 -23"><span class='ocrx_word' id='word_1_161' title='bbox 171 2688 356 2774; x_wconf 87' lang='lat' dir='ltr'>neutrisque</span> <span class='ocrx_word' id='word_1_162' title='bbox 374 2687 561 2766; x_wconf 89' lang='lat' dir='ltr'>thematum,</span> <span class='ocrx_word' id='word_1_163' title='bbox 587 2710 669 2775; x_wconf 88' lang='lat' dir='ltr'>quae</span> <span class='ocrx_word' id='word_1_164' title='bbox 686 2690 719 2754; x_wconf 92' lang='lat' dir='ltr'>in</span> <span class='ocrx_word' id='word_1_165' title='bbox 737 2709 760 2756; x_wconf 88' lang='lat' dir='ltr'>a</span> <span class='ocrx_word' id='word_1_166' title='bbox 773 2687 933 2766; x_wconf 89' lang='lat' dir='ltr'>desinunt,</span> <span class='ocrx_word' id='word_1_167' title='bbox 950 2689 1150 2754; x_wconf 83' lang='lat' dir='ltr'>simmutata</span> <span class='ocrx_word' id='word_1_168' title='bbox 1163 2689 1315 2774; x_wconf 91' lang='lat' dir='ltr'>perstitit,</span> 
     </span>
     <span class='ocr_line' id='line_1_25' title="bbox 172 2783 1319 2873; baseline 0.001 -22"><span class='ocrx_word' id='word_1_169' title='bbox 172 2783 226 2851; x_wconf 87' lang='lat' dir='ltr'>sed</span> <span class='ocrx_word' id='word_1_170' title='bbox 249 2784 284 2849; x_wconf 91' lang='lat' dir='ltr'>in</span> <span class='ocrx_word' id='word_1_171' title='bbox 300 2785 492 2851; x_wconf 88' lang='lat' dir='ltr'>thematibus</span> <span class='ocrx_word' id='word_1_172' title='bbox 511 2787 696 2854; x_wconf 89' lang='lat' dir='ltr'>masculinis</span> <span class='ocrx_word' id='word_1_173' title='bbox 715 2788 903 2873; x_wconf 89' lang='lat' dir='ltr'>neutrisque</span> <span class='ocrx_word' id='word_1_174' title='bbox 922 2807 1004 2873; x_wconf 87' lang='lat' dir='ltr'>quae</span> <span class='ocrx_word' id='word_1_175' title='bbox 1024 2789 1058 2853; x_wconf 92' lang='lat' dir='ltr'>in</span> <span class='ocrx_word' id='word_1_176' title='bbox 1077 2788 1090 2852; x_wconf 82' lang='lat' dir='ltr'>i</span> <span class='ocrx_word' id='word_1_177' title='bbox 1109 2793 1140 2853; x_wconf 94' lang='lat' dir='ltr'>et</span> <span class='ocrx_word' id='word_1_178' title='bbox 1160 2807 1185 2851; x_wconf 81' lang='lat' dir='ltr'>u</span> <span class='ocrx_word' id='word_1_179' title='bbox 1200 2793 1319 2852; x_wconf 81' lang='lat' dir='ltr'>exeunt</span> 
     </span>
     <span class='ocr_line' id='line_1_26' title="bbox 170 2882 1319 2972; baseline 0.002 -26"><span class='ocrx_word' id='word_1_180' title='bbox 170 2887 266 2967; x_wconf 87' lang='lat' dir='ltr'>atque</span> <span class='ocrx_word' id='word_1_181' title='bbox 286 2882 320 2946; x_wconf 91' lang='lat' dir='ltr'>in</span> <span class='ocrx_word' id='word_1_182' title='bbox 338 2882 497 2949; x_wconf 83' lang='lat' dir='ltr'>femininis</span> <span class='ocrx_word' id='word_1_183' title='bbox 520 2884 601 2950; x_wconf 90' lang='lat' dir='ltr'>haec</span> <span class='ocrx_word' id='word_1_184' title='bbox 620 2887 747 2970; x_wconf 90' lang='lat' dir='ltr'>spirans</span> <span class='ocrx_word' id='word_1_185' title='bbox 768 2884 802 2951; x_wconf 94' lang='lat' dir='ltr'>in</span> <span class='ocrx_word' id='word_1_186' title='bbox 823 2907 845 2952; x_wconf 81' lang='lat' dir='ltr'>r</span> <span class='ocrx_word' id='word_1_187' title='bbox 858 2905 983 2972; x_wconf 88' lang='lat' dir='ltr'>quoque</span> <span class='ocrx_word' id='word_1_188' title='bbox 1002 2891 1123 2950; x_wconf 86' lang='lat' dir='ltr'>mutata</span> <span class='ocrx_word' id='word_1_189' title='bbox 1136 2890 1195 2950; x_wconf 91' lang='lat' dir='ltr'>est.</span> <span class='ocrx_word' id='word_1_190' title='bbox 1214 2883 1319 2958; x_wconf 87' lang='lat' dir='ltr'>Quum</span> 
     </span>
     <span class='ocr_line' id='line_1_27' title="bbox 171 2979 1320 3068; baseline 0.003 -24"><span class='ocrx_word' id='word_1_191' title='bbox 171 2981 385 3046; x_wconf 87' lang='lat' dir='ltr'>nominativus</span> <span class='ocrx_word' id='word_1_192' title='bbox 396 2979 531 3066; x_wconf 91' lang='lat' dir='ltr'>pluralis</span> <span class='ocrx_word' id='word_1_193' title='bbox 543 2983 793 3049; x_wconf 80' lang='lat' dir='ltr'>masculinorum</span> <span class='ocrx_word' id='word_1_194' title='bbox 803 2991 900 3068; x_wconf 87' lang='lat' dir='ltr'>atque</span> <span class='ocrx_word' id='word_1_195' title='bbox 908 2983 1126 3048; x_wconf 87' lang='lat' dir='ltr'>nominativus</span> <span class='ocrx_word' id='word_1_196' title='bbox 1139 2988 1171 3048; x_wconf 87' lang='lat' dir='ltr'>et</span> <span class='ocrx_word' id='word_1_197' title='bbox 1183 3001 1320 3047; x_wconf 88' lang='lat' dir='ltr'>accusa-</span> 
     </span>
     <span class='ocr_line' id='line_1_28' title="bbox 170 3078 1318 3147; baseline 0 -3"><span class='ocrx_word' id='word_1_198' title='bbox 170 3079 257 3144; x_wconf 90' lang='lat' dir='ltr'>tivus</span> <span class='ocrx_word' id='word_1_199' title='bbox 271 3078 495 3144; x_wconf 87' lang='lat' dir='ltr'>femininorum</span> <span class='ocrx_word' id='word_1_200' title='bbox 508 3080 736 3146; x_wconf 89' lang='lat' dir='ltr'>vocabulorum</span> <span class='ocrx_word' id='word_1_201' title='bbox 753 3082 786 3146; x_wconf 95' lang='lat' dir='ltr'>in</span> <span class='ocrx_word' id='word_1_202' title='bbox 801 3079 896 3147; x_wconf 88' lang='lat' dir='ltr'>debili</span> <span class='ocrx_word' id='word_1_203' title='bbox 909 3079 1120 3146; x_wconf 89' lang='lat' dir='ltr'>declinatione</span> <span class='ocrx_word' id='word_1_204' title='bbox 1135 3098 1318 3146; x_wconf 88' lang='lat' dir='ltr'>consonan-</span> 
     </span>
     <span class='ocr_line' id='line_1_29' title="bbox 170 3176 1319 3257; baseline 0.003 -16"><span class='ocrx_word' id='word_1_205' title='bbox 170 3181 234 3241; x_wconf 91' lang='lat' dir='ltr'>tem</span> <span class='ocrx_word' id='word_1_206' title='bbox 256 3183 432 3242; x_wconf 84' lang='lat' dir='ltr'>extremam</span> <span class='ocrx_word' id='word_1_207' title='bbox 452 3177 486 3241; x_wconf 94' lang='lat' dir='ltr'>in</span> <span class='ocrx_word' id='word_1_208' title='bbox 512 3196 534 3240; x_wconf 79' lang='lat' dir='ltr'>r</span> <span class='ocrx_word' id='word_1_209' title='bbox 560 3182 716 3244; x_wconf 89' lang='lat' dir='ltr'>mutatam</span> <span class='ocrx_word' id='word_1_210' title='bbox 739 3179 929 3257; x_wconf 89' lang='lat' dir='ltr'>servaverit,</span> <span class='ocrx_word' id='word_1_211' title='bbox 952 3176 1039 3244; x_wconf 86' lang='lat' dir='ltr'>aliud</span> <span class='ocrx_word' id='word_1_212' title='bbox 1063 3179 1115 3243; x_wconf 91' lang='lat' dir='ltr'>hic</span> <span class='ocrx_word' id='word_1_213' title='bbox 1133 3177 1319 3244; x_wconf 86' lang='lat' dir='ltr'>rhotacismi</span> 
     </span>
     <span class='ocr_line' id='line_1_30' title="bbox 170 3271 1316 3361; baseline 0.002 -23"><span class='ocrx_word' id='word_1_214' title='bbox 170 3271 351 3358; x_wconf 85' lang='lat' dir='ltr'>exemplum</span> <span class='ocrx_word' id='word_1_215' title='bbox 371 3274 540 3359; x_wconf 89' lang='lat' dir='ltr'>reperitur.</span> <span class='ocrx_word' id='word_1_216' title='bbox 565 3275 670 3361; x_wconf 85' lang='lat' dir='ltr'>Igitur</span> <span class='ocrx_word' id='word_1_217' title='bbox 693 3275 862 3343; x_wconf 86' lang='lat' dir='ltr'>declinatio</span> <span class='ocrx_word' id='word_1_218' title='bbox 883 3275 1076 3342; x_wconf 88' lang='lat' dir='ltr'>substantivi</span> <span class='ocrx_word' id='word_1_219' title='bbox 1101 3275 1134 3340; x_wconf 92' lang='lat' dir='ltr'>in</span> <span class='ocrx_word' id='word_1_220' title='bbox 1158 3294 1316 3341; x_wconf 89' lang='lat' dir='ltr'>norraena</span> 
     </span>
     <span class='ocr_line' id='line_1_31' title="bbox 170 3370 1075 3460; baseline 0.001 -25"><span class='ocrx_word' id='word_1_221' title='bbox 170 3370 306 3437; x_wconf 88' lang='lat' dir='ltr'>dialecto</span> <span class='ocrx_word' id='word_1_222' title='bbox 320 3373 484 3456; x_wconf 86' lang='lat' dir='ltr'>sequentia</span> <span class='ocrx_word' id='word_1_223' title='bbox 499 3372 597 3438; x_wconf 84' lang='lat' dir='ltr'>einr</span> <span class='ocrx_word' id='word_1_224' title='bbox 609 3378 751 3440; x_wconf 86' lang='lat' dir='ltr'>mutatae</span> <span class='ocrx_word' id='word_1_225' title='bbox 766 3373 912 3460; x_wconf 84' lang='lat' dir='ltr'>exempla</span> <span class='ocrx_word' id='word_1_226' title='bbox 926 3372 1075 3440; x_wconf 89' lang='lat' dir='ltr'>ostendit.</span> 
     </span>
     <span class='ocr_line' id='line_1_32' title="bbox 215 3467 1318 3556; baseline 0.005 -26"><span class='ocrx_word' id='word_1_227' title='bbox 215 3468 246 3556; x_wconf 85' lang='grc' dir='ltr'>α)</span> <span class='ocrx_word' id='word_1_228' title='bbox 262 3467 448 3537; x_wconf 86' lang='lat' dir='ltr'>Thematum</span> <span class='ocrx_word' id='word_1_229' title='bbox 458 3471 491 3535; x_wconf 93' lang='lat' dir='ltr'>in</span> <span class='ocrx_word' id='word_1_230' title='bbox 506 3491 529 3538; x_wconf 83' lang='lat' dir='ltr'>c</span> <span class='ocrx_word' id='word_1_231' title='bbox 542 3472 780 3539; x_wconf 83' lang='lat' dir='ltr'>terminantium</span> <span class='ocrx_word' id='word_1_232' title='bbox 792 3471 973 3537; x_wconf 88' lang='lat' dir='ltr'>declinatio.</span> <span class='ocrx_word' id='word_1_233' title='bbox 988 3472 1106 3537; x_wconf 83' lang='lat' dir='ltr'>Thema</span> <span class='ocrx_word' id='word_1_234' title='bbox 1118 3491 1214 3537; x_wconf 89' lang='lat' dir='ltr'>maso.</span> <span class='ocrx_word' id='word_1_235' title='bbox 1227 3469 1318 3555; x_wconf 78' lang='lat' dir='ltr'>fiske</span> 
     </span>
     <span class='ocr_line' id='line_1_33' title="bbox 171 3565 1064 3656; baseline 0.002 -24"><span class='ocrx_word' id='word_1_236' title='bbox 171 3565 304 3654; x_wconf 87' lang='lat' dir='ltr'>(piscis),</span> <span class='ocrx_word' id='word_1_237' title='bbox 321 3566 394 3632; x_wconf 83' lang='lat' dir='ltr'>fem.</span> <span class='ocrx_word' id='word_1_238' title='bbox 411 3569 517 3654; x_wconf 75' lang='lat' dir='ltr'>piosa</span> <span class='ocrx_word' id='word_1_239' title='bbox 531 3568 687 3656; x_wconf 88' lang='lat' dir='ltr'>(donum),</span> <span class='ocrx_word' id='word_1_240' title='bbox 704 3575 792 3635; x_wconf 88' lang='lat' dir='ltr'>aeut.</span> <span class='ocrx_word' id='word_1_241' title='bbox 810 3571 898 3635; x_wconf 69' lang='lat' dir='ltr'>orda</span> <span class='ocrx_word' id='word_1_242' title='bbox 912 3567 1038 3656; x_wconf 81' lang='lat' dir='ltr'>(tatum)</span> <span class='ocrx_word' id='word_1_243' title='bbox 1057 3589 1064 3634; x_wconf 95' lang='lat'><strong>:</strong></span> 
     </span>
     <span class='ocr_line' id='line_1_34' title="bbox 639 3666 852 3735; baseline 0 -3"><span class='ocrx_word' id='word_1_244' title='bbox 639 3666 852 3735; x_wconf 78' lang='lat' dir='ltr'>Smaunams.</span> 
     </span>
    </p>

    <p class='ocr_par' dir='ltr' id='par_1_9' title="bbox 345 3761 1167 4142">
     <span class='ocr_line' id='line_1_35' title="bbox 348 3761 1140 3850; baseline 0.001 -22"><span class='ocrx_word' id='word_1_245' title='bbox 348 3761 379 3828; x_wconf 96' lang='lat' dir='ltr'>N</span> <span class='ocrx_word' id='word_1_246' title='bbox 556 3762 666 3846; x_wconf 71' lang='lat' dir='ltr'>fise-r</span> <span class='ocrx_word' id='word_1_247' title='bbox 840 3763 911 3850; x_wconf 83' lang='lat' dir='ltr'>gio&#39;f</span> <span class='ocrx_word' id='word_1_248' title='bbox 1080 3769 1140 3830; x_wconf 71' lang='lat' dir='ltr'>ora</span> 
     </span>
     <span class='ocr_line' id='line_1_36' title="bbox 347 3858 1141 3948; baseline 0.008 -26"><span class='ocrx_word' id='word_1_249' title='bbox 347 3858 378 3922; x_wconf 82' lang='lat' dir='ltr'>A</span> <span class='ocrx_word' id='word_1_250' title='bbox 841 3861 912 3948; x_wconf 81' lang='lat' dir='ltr'>giiii</span> <span class='ocrx_word' id='word_1_251' title='bbox 1080 3866 1141 3928; x_wconf 68' lang='lat' dir='ltr'>ort</span> 
     </span>
     <span class='ocr_line' id='line_1_37' title="bbox 347 3954 1146 4046; baseline 0.008 -27"><span class='ocrx_word' id='word_1_252' title='bbox 347 3954 373 4019; x_wconf 93' lang='lat' dir='ltr'>D</span> <span class='ocrx_word' id='word_1_253' title='bbox 839 3957 954 4046; x_wconf 82' lang='lat' dir='ltr'>gib&#39;f(u)</span> <span class='ocrx_word' id='word_1_254' title='bbox 1078 3961 1146 4025; x_wconf 77' lang='lat' dir='ltr'>orti</span> 
     </span>
     <span class='ocr_line' id='line_1_38' title="bbox 345 4054 1167 4142; baseline 0.005 -22"><span class='ocrx_word' id='word_1_255' title='bbox 345 4054 373 4120; x_wconf 87' lang='lat' dir='ltr'><strong>G</strong></span> <span class='ocrx_word' id='word_1_256' title='bbox 834 4056 980 4142; x_wconf 74' lang='lat' dir='ltr'>piosa-r</span> <span class='ocrx_word' id='word_1_257' title='bbox 1077 4064 1167 4126; x_wconf 77' lang='lat' dir='ltr'>ora-s</span> 
     </span>
    </p>

    <p class='ocr_par' dir='ltr' id='par_1_10' title="bbox 652 4153 830 4222">
     <span class='ocr_line' id='line_1_39' title="bbox 652 4153 830 4222; baseline 0.011 -3"><span class='ocrx_word' id='word_1_258' title='bbox 652 4153 830 4222; x_wconf 67' lang='lat' dir='ltr'>huntus.</span> 
     </span>
    </p>

    <p class='ocr_par' dir='ltr' id='par_1_11' title="bbox 347 4249 1233 4435">
     <span class='ocr_line' id='line_1_40' title="bbox 347 4249 1137 4338; baseline 0.005 -23"><span class='ocrx_word' id='word_1_259' title='bbox 347 4249 378 4315; x_wconf 93' lang='lat' dir='ltr'>N</span> <span class='ocrx_word' id='word_1_260' title='bbox 424 4258 426 4261; x_wconf 84' lang='grc'><strong>’</strong></span> <span class='ocrx_word' id='word_1_261' title='bbox 555 4250 686 4332; x_wconf 69' lang='lat' dir='ltr'>fiske-r</span> <span class='ocrx_word' id='word_1_262' title='bbox 835 4253 984 4338; x_wconf 78' lang='lat' dir='ltr'>piosa-r</span> <span class='ocrx_word' id='word_1_263' title='bbox 1077 4256 1137 4319; x_wconf 74' lang='lat' dir='ltr'>ort</span> 
     </span>
     <span class='ocr_line' id='line_1_41' title="bbox 349 4344 1233 4435; baseline 0.007 -24"><span class='ocrx_word' id='word_1_264' title='bbox 349 4346 376 4411; x_wconf 84' lang='lat' dir='ltr'><strong>A</strong></span> <span class='ocrx_word' id='word_1_265' title='bbox 556 4344 638 4412; x_wconf 85' lang='lat' dir='ltr'>fiska</span> <span class='ocrx_word' id='word_1_266' title='bbox 836 4349 980 4435; x_wconf 77' lang='lat' dir='ltr'>piosa-r</span> <span class='ocrx_word' id='word_1_267' title='bbox 1076 4345 1137 4416; x_wconf 69' lang='lat' dir='ltr'>ord</span> <span class='ocrx_word' id='word_1_268' title='bbox 1232 4431 1233 4434; x_wconf 8' lang='grc' dir='ltr'><strong>Ἴ</strong></span> 
     </span>
    </p>
   </div>
   <div class='ocr_carea' id='block_1_5' title="bbox 205 4553 893 4622">
    <p class='ocr_par' dir='ltr' id='par_1_12' title="bbox 205 4553 893 4622">
     <span class='ocr_line' id='line_1_42' title="bbox 205 4553 893 4622; baseline 0.001 -14"><span class='ocrx_word' id='word_1_269' title='bbox 205 4556 225 4608; x_wconf 87' lang='lat' dir='ltr'>t.</span> <span class='ocrx_word' id='word_1_270' title='bbox 244 4554 278 4608; x_wconf 84' lang='lat' dir='ltr'>n.</span> <span class='ocrx_word' id='word_1_271' title='bbox 295 4553 402 4621; x_wconf 77' lang='lat' dir='ltr'>Heyne,</span> <span class='ocrx_word' id='word_1_272' title='bbox 418 4554 455 4608; x_wconf 86' lang='lat' dir='ltr'>id.</span> <span class='ocrx_word' id='word_1_273' title='bbox 470 4555 525 4610; x_wconf 72' lang='lat' dir='ltr'>att.</span> <span class='ocrx_word' id='word_1_274' title='bbox 539 4583 571 4595; x_wconf 94' lang='lat'><em>-</em></span> <span class='ocrx_word' id='word_1_275' title='bbox 583 4554 700 4617; x_wconf 79' lang='lat' dir='ltr'>Grimm,</span> <span class='ocrx_word' id='word_1_276' title='bbox 717 4555 754 4610; x_wconf 89' lang='lat' dir='ltr'>id.</span> <span class='ocrx_word' id='word_1_277' title='bbox 772 4557 822 4622; x_wconf 77' lang='lat'>11²,</span> <span class='ocrx_word' id='word_1_278' title='bbox 837 4559 893 4611; x_wconf 77' lang='lat'><strong>563.</strong></span> 
     </span>
    </p>
   </div>
   <div class='ocr_carea' id='block_1_6' title="bbox 0 0 1642 5482">
    <p class='ocr_par' dir='ltr' id='par_1_13' title="bbox 0 0 1642 5482">
     <span class='ocr_line' id='line_1_43' title="bbox 0 0 1642 5482; baseline 0 0"><span class='ocrx_word' id='word_1_279' title='bbox 0 0 1642 5482; x_wconf 95' lang='lat' dir='ltr'> </span> 
     </span>
    </p>
   </div>
  </div>
 </body>
</html>
