3276 5482
253 499 392 567 slavicae
414 496 541 584 linguae
567 516 585 563 s
612 496 798 584 plerumque
822 503 972 577 servant,
1000 497 1079 564 haec
1103 497 1209 565 littera
1234 503 1398 571 tamenin

252 596 362 662 iisdem
385 598 419 661 in
438 596 450 657 t
470 615 582 661 sonum
598 615 803 662 concrescere
816 602 937 682 potest;
961 616 1026 663 non
1047 596 1142 662 aliter
1162 618 1344 685 quanquam
1365 601 1399 666 in

252 694 363 760 celtico
376 712 520 759 sermone
533 712 551 758 s
565 704 718 779 persaepe
728 700 860 779 perstat,
878 695 962 760 inter
971 693 1050 760 duas
1061 694 1188 761 vocales
1202 716 1266 762 non
1280 716 1355 763 raro
1365 698 1399 764 in

251 793 478 878 aspirationem
494 791 619 857 transit.
637 791 849 858 Nihilominus
863 793 890 859 si
903 792 962 859 has
978 812 1128 859 sonorum
1141 793 1395 881 depravationes,

251 911 333 976 quae
354 890 459 955 rarius
481 896 650 975 apparent,
674 890 868 969 omittamus,
895 897 1088 976 agnoscetur
1107 893 1141 957 in
1159 912 1283 980 quaque
1304 894 1399 960 indo-

251 1005 481 1074 europaearum
501 984 684 1071 linguarum
710 986 775 1051 sere
798 1006 921 1074 semper
944 987 1087 1055 litteram
1108 1008 1126 1055 s
1148 992 1283 1075 quodam
1305 991 1398 1059 modo

250 1084 463 1151 adulteratam
482 1084 591 1162 fuisse,
616 1084 670 1169 qui
692 1104 764 1149 cum
778 1084 931 1172 cujusque
945 1106 1056 1152 aarum
1070 1087 1197 1173 ingenio
1211 1087 1263 1154 vel
1278 1089 1393 1169 indole,

250 1185 402 1270 vocisque
424 1184 554 1269 organis
577 1182 782 1268 populorum,
809 1185 862 1269 qui
888 1182 937 1251 his
960 1191 1106 1261 utuntur,
1133 1188 1296 1271 congruit.
1325 1188 1395 1264 Qua

249 1290 357 1348 autem
379 1285 505 1349 ratione
527 1282 673 1348 diversae
693 1283 788 1372 hujus
808 1285 961 1370 spirantis
984 1284 1175 1353 mutationes
1197 1293 1272 1353 sunt
1292 1285 1398 1374 expli-

250 1381 393 1448 undeet

293 1479 450 1567 Spirantis
463 1498 481 1545 s
496 1481 529 1545 in
543 1470 555 1533 ἕ
568 1478 756 1564 depravatio
772 1479 1003 1565 simplicissima
1022 1486 1090 1561 est;
1111 1489 1147 1548 ut
1164 1481 1248 1548 enim
1262 1502 1280 1550 e
1293 1482 1396 1571 primu

249 1598 327 1644 sono
341 1579 373 1642 in
387 1577 523 1643 alterum
537 1584 693 1656 transeas,
720 1578 797 1643 satis
821 1583 921 1644 estut
940 1584 1084 1646 extrema
1104 1579 1233 1667 linguae
1254 1600 1311 1647 ora
1330 1600 1395 1646 non

249 1677 395 1742 dentibus
407 1682 463 1742 aut
476 1677 633 1763 gengivis,
658 1674 713 1741 sed
726 1675 828 1742 medio
842 1675 951 1763 palato
966 1679 1095 1764 propius
1111 1679 1252 1756 accedat,
1279 1679 1334 1745 ubi
1355 1677 1395 1745 ad

248 1776 387 1841 litteram
408 1780 422 1841 t
443 1775 635 1841 cerebralem
653 1774 887 1840 informandam
907 1774 1008 1841 eidem
1029 1773 1268 1862 propinquat¹;
1290 1778 1396 1864 itaque

249 1875 439 1961 intelligitur
457 1893 553 1959 quam
573 1872 663 1938 facile
683 1875 716 1938 in
739 1872 810 1938 loco
832 1892 850 1938 s
872 1873 996 1959 spirans
1010 1868 1022 1930 ἕ
1036 1874 1137 1939 emitti
1160 1876 1269 1958 possit,
1295 1873 1391 1960 quod,

249 1979 285 2039 ut
298 1975 332 2037 in
345 1974 454 2060 lingua
470 1972 637 2049 sanserita,
656 1978 726 2057 post
741 1972 764 2036 k
778 1970 830 2035 vel
844 1991 866 2035 r
878 1970 1058 2057 gutturales
1071 1970 1121 2036 vel
1136 1971 1291 2056 palatales
1306 1970 1355 2038 fit.

292 2070 437 2136 Primum
452 2069 611 2136 difficilius
623 2070 785 2156 explicare
798 2068 924 2134 videtur
937 2067 1094 2154 quomodo
1107 2067 1215 2134 littera
1229 2088 1246 2134 s
1260 2070 1294 2135 in
1308 2072 1395 2156 aspi-

248 2169 404 2234 rationem
419 2168 557 2233 transire
574 2169 692 2254 possit;
718 2173 858 2233 attamen
881 2167 908 2230 si
929 2167 1092 2231 notaveris
1112 2166 1172 2231 hoc
1194 2168 1395 2253 aspirationis

247 2266 413 2350 proprium
427 2285 508 2342 esse,
525 2264 679 2352 linguam,
705 2284 803 2351 quum
825 2283 863 2329 ea
887 2264 1025 2342 auditur,
1049 2263 1156 2350 palato
1176 2263 1229 2329 vel
1248 2263 1394 2333 dentibus

247 2368 373 2428 tantum
397 2363 443 2428 ita
470 2362 628 2436 accedere,
652 2369 698 2440 ut,
724 2361 799 2426 dum
822 2382 876 2427 aer
898 2363 1092 2446 exspiratur,
1119 2381 1184 2426 non
1207 2382 1262 2428 eas
1285 2371 1393 2450 partes

247 2462 397 2547 attingat,
416 2481 525 2546 quum,
541 2460 776 2547 inspirantium
793 2459 822 2542 j,
843 2478 873 2537 s,
894 2480 927 2538 o,
948 2459 1000 2526 vel
1018 2461 1257 2544 flormatione,
1282 2460 1393 2549 lingua

245 2557 352 2645 palato
379 2557 586 2644 dentibusque
611 2559 656 2624 ita
683 2559 930 2645 appropinquet,
958 2565 992 2623 ut
1017 2558 1198 2625 articulatio
1220 2557 1390 2639 efficiatur,

246 2655 333 2722 clare
346 2657 524 2743 apparebit,
540 2658 575 2721 in
589 2656 778 2742 spirantium
791 2655 861 2722 loco
881 2657 904 2722 b
924 2655 1015 2723 facile
1034 2657 1134 2723 emitti
1153 2677 1256 2743 posse.
1283 2657 1337 2725 Sic
1359 2661 1393 2725 in

244 2754 411 2841 hispanica
434 2754 545 2842 lingua
565 2754 730 2840 aspiratio,
756 2772 838 2840 quae
858 2752 952 2820 hodie
975 2755 1032 2820 vix
1055 2753 1194 2832 auditur,
1220 2755 1275 2821 sed
1295 2762 1392 2824 antea

245 2873 338 2919 aures
361 2855 479 2920 acriter
498 2853 648 2928 feriebat,
674 2853 878 2939 inspirantis
899 2852 1025 2919 labialis
1049 2855 1075 2938 f
1092 2853 1197 2920 locum
1219 2853 1391 2922 substituta

244 2957 304 3031 est,
321 2958 379 3019 ut:

575 3048 658 3136 hisp.
675 3049 796 3117 dterro
1016 3048 1075 3116 lat.
1092 3051 1238 3134 ferrum

385 3154 421 3214 ut
435 3168 560 3233 quoque
573 3147 655 3233 hisp.
672 3147 761 3213 dieto
1015 3147 1072 3214 lat.
1089 3149 1172 3233 gelu

244 3244 388 3332 -quod
413 3247 510 3312 etiam
533 3247 610 3330 pelo
633 3246 794 3323 scribitur,
821 3245 843 3310 b
865 3244 973 3312 littera
996 3243 1029 3310 in
1047 3246 1108 3331 jot
1126 3250 1269 3325 mutata;
1288 3246 1392 3312 -sic

243 3364 367 3432 quoque
380 3345 506 3429 spirans
519 3342 656 3409 dentalis
669 3364 687 3408 e
705 3345 733 3409 u·
746 3343 799 3408 vel
813 3344 975 3410 emutatis
991 3351 1061 3409 orta

440 3443 474 3506 in
496 3440 592 3507 catal.
611 3441 698 3506 rubo
942 3439 999 3507 lat.
1016 3441 1193 3509 rationem

331 3546 428 3624 atque
441 3540 475 3605 in
498 3538 587 3606 wall.
611 3539 784 3605 damibele
946 3537 1004 3605 lat.
1022 3537 1303 3607 *dominicetlam

243 3638 277 3702 in
291 3636 314 3702 d
328 3638 443 3702 transit
453 3635 478 3702 ².

288 3734 478 3810 Quomodos
493 3735 527 3800 in
544 3755 565 3799 r
583 3740 739 3811 transeat,
757 3739 823 3798 tam
837 3731 930 3799 iacile
943 3734 1099 3820 explicari
1112 3741 1227 3822 potest.
1247 3735 1391 3802 Primum

243 3838 351 3899 autem
374 3839 423 3899 est
445 3832 621 3899 notandum
641 3831 719 3897 duas
743 3852 764 3896 r
785 3831 912 3897 litterae
934 3834 1064 3919 species,
1090 3832 1248 3900 dentalem
1267 3831 1337 3900 dico
1358 3840 1390 3900 et

242 3929 450 4016 gutturalem,
472 3950 552 3997 esse.
581 3930 624 3996 Ut
635 3931 771 4015 primam
794 3929 883 4008 edas,
908 3929 1019 4016 lingua
1041 3932 1076 3996 in
1099 3951 1138 3997 ea
1164 3932 1319 4018 positione
1342 3937 1391 3998 est

241 4027 388 4105 locanda,
405 4031 439 4095 in
454 4049 516 4115 qua
532 4034 545 4094 t
561 4027 695 4094 dentalis
709 4025 850 4107 effertur,
867 4028 972 4107 idest,
987 4029 1032 4095 ita
1046 4035 1082 4096 ut
1096 4036 1240 4096 extrema
1253 4029 1392 4117 ejusdem

242 4146 298 4193 ora
323 4125 424 4194 radici
448 4127 589 4194 dentium
612 4126 719 4193 vicina
743 4127 793 4204 sit,
820 4127 870 4192 his
892 4133 998 4193 tamen
1015 4146 1081 4193 non
1096 4147 1228 4213 prorsus
1248 4128 1388 4195 admota.

276 4375 299 4427 1.
316 4373 434 4435 Briicke,
449 4374 608 4438 Gruodsttuc
620 4373 667 4426 der
679 4372 846 4437 ruprutoote
858 4371 905 4424 der
918 4371 1104 4438 spa-actiacae,
1118 4374 1157 4428 36.

243 4455 297 4588 1in
308 4453 487 4587 lbnobffirbke'
508 4453 547 4506 id.
561 4454 577 4506 7
590 4455 620 4508 et
633 4453 672 4505 30.
691 4480 724 4491 -
741 4451 767 4505 G.
785 4452 874 4515 toret,
897 4453 941 4504 Du
959 4455 980 4503 0
998 4454 1066 4506 war
1081 4454 1118 4506 lar
1132 4454 1241 4518 laam
1252 4466 1386 4517 romanas,
