3276 5482
667 399 826 457 ..27-

178 516 215 579 ut
241 528 337 595 supra
364 507 446 588 dixi,
476 511 511 575 in
538 509 629 577 Livio
656 509 830 589 invenitur,
866 508 960 576 fldem
992 509 1128 589 faceret,
1163 509 1191 575 si
1223 507 1318 576 etiam

179 613 266 674 certa
289 606 376 673 credi
398 612 514 694 posset,
536 608 602 696 jam
623 609 717 675 annis
737 608 880 675 CCLXII
895 608 1115 694 postRomam
1128 605 1320 674 conditam's

177 705 386 773 litteraeinr
399 705 619 772 transitivnem
631 707 781 793 usurpari
800 707 952 792 coepisse.
977 706 1066 785 Quod
1088 727 1185 793 quum
1207 705 1320 773 Cicero

178 802 217 869 de
241 805 279 870 L.
297 802 424 888 Papirio
452 803 567 870 Crasso
590 803 738 881 affirmat,
761 801 847 870 hunc
867 805 1004 890 primum
1023 804 1188 891 Papisium
1208 805 1321 872 vocari

178 900 319 979 desiisse,
342 900 436 985 plane
455 901 563 966 verius
584 902 636 981 sit,
654 906 773 968 certam
787 902 839 967 hic
854 901 1008 967 habemus
1022 903 1172 990 temporis
1183 908 1315 969 notam:

178 1019 252 1065 nam
273 1020 369 1085 quum
391 999 526 1065 Crassus
548 997 684 1067 dictator
705 1020 777 1067 cum
798 999 835 1064 L.
853 998 984 1087 Papirio
1002 997 1151 1074 Cursore,
1167 1002 1321 1088 magistro

176 1094 350 1183 equitum¹,
367 1097 472 1163 factus
484 1098 539 1175 sit,
555 1099 647 1164 an'nis
657 1098 872 1185 postRomam
887 1096 1044 1164 conditam
1051 1097 1234 1176 COCCXV,
1247 1098 1321 1166 inde

177 1197 319 1281 sequitur
335 1201 372 1261 ut
393 1194 499 1261 seculo
519 1202 633 1280 quarto
656 1204 730 1263 ante
750 1195 911 1263 Christum
930 1203 1041 1262 natum
1061 1215 1079 1262 s
1097 1196 1224 1263 litterae
1245 1198 1279 1262 in
1299 1216 1320 1262 r

177 1294 310 1360 mutatio
323 1313 383 1359 usu
397 1294 557 1359 communi
571 1294 656 1360 faeta
667 1294 784 1371 fuerit;
806 1299 904 1379 atque
922 1293 1008 1360 credi
1026 1299 1130 1379 potest
1147 1312 1165 1359 s
1185 1294 1321 1360 mediam

180 1390 214 1455 in
228 1389 374 1457 omnihus
388 1389 562 1468 vocabulis,
578 1392 611 1456 in
626 1392 740 1477 quibus
754 1392 787 1458 in
807 1411 828 1457 r
849 1392 987 1468 transiit,
1006 1390 1075 1478 Jam
1094 1393 1128 1457 in
1148 1391 1233 1459 hanc
1252 1399 1321 1461 tre-

177 1488 295 1555 mulam
309 1493 461 1554 mutatam
476 1487 582 1555 luisse.

299 1796 342 1845 DE
363 1795 571 1847 RHOTAGISMO
593 1795 628 1845 m
652 1791 730 1846 08οΑ
751 1796 996 1854 elementrum
1019 1796 1191 1848 ominoso,

219 1975 441 2042 Rhotaeismus
455 1976 489 2041 in
503 1994 576 2042 osca
590 1975 726 2042 dialecto
744 1994 819 2042 raro
837 1976 1010 2054 invenitur,
1032 1980 1127 2060 atque
1145 1975 1197 2041 hie
1215 1993 1319 2042 sermo

180 2075 313 2160 periisse
326 2073 463 2151 videtur,
485 2079 657 2161 antequam
673 2074 728 2141 illa
746 2075 880 2141 mutatio
894 2074 1032 2160 perfecta
1046 2074 1167 2140 suisset.
1194 2073 1319 2140 Etenim

178 2172 252 2238 dum
267 2192 284 2238 s
298 2171 401 2239 media
414 2171 532 2239 radicis
545 2175 579 2239 in
591 2173 693 2239 latina
707 2173 818 2260 lingua
831 2174 916 2240 inter
934 2171 1063 2239 vocales
1082 2173 1264 2260 saepissime
1285 2173 1319 2238 in

176 2289 197 2334 r
212 2269 340 2347 transit,
355 2289 393 2335 ea
407 2270 441 2335 in
455 2288 529 2335 osca
544 2267 677 2336 dialecto
691 2276 822 2355 perstat,
838 2274 875 2335 ut
891 2288 899 2332 :

350 2367 469 2433 aas-ai
855 2367 914 2433 lat.
930 2385 1025 2433 ar-ae

349 2463 517 2530 aluus-ai
929 2463 1060 2530 Flor-ae

219 2559 299 2627 Item
312 2562 346 2627 in
361 2560 508 2627 sabellius
522 2559 657 2627 dialecto
673 2582 680 2625 ε

351 2678 471 2725 as-um
853 2659 910 2726 lat.
928 2677 1037 2724 arr-am

347 2756 496 2838 sas-ena
517 2755 590 2822 Vel.
609 2755 736 2844 Longus
927 2777 1046 2824 ar-ena

350 2853 520 2920 Fies-are
927 2855 1064 2924 Flor-ali

219 2949 248 3016 S
261 2955 385 3037 perstat
398 2971 522 3037 quoque
535 2952 568 3016 in
582 2951 706 3037 syllaba
719 2971 771 3028 as,
787 2959 823 3017 ut
840 2972 847 3016 :

261 3071 327 3117 osc.
349 3050 567 3136 sius-as-iais
926 3050 1104 3120 flor-ar-iis

260 3148 328 3215 sab.
349 3147 561 3215 Led-as-ius
926 3152 1117 3231 Liber-ius,
1137 3149 1218 3219 etc.²

218 3247 255 3312 ln
275 3245 413 3314 flexione
431 3266 450 3313 a
470 3244 605 3312 mediam
627 3246 723 3312 etiam
742 3248 919 3314 vetustiora
938 3255 1144 3316 monumenta
1167 3254 1313 3327 servant,

173 3350 209 3408 ut
230 3365 236 3408 :

335 3441 471 3518 eis-eis,
497 3441 615 3519 ais-ai,
641 3443 756 3520 eis-ei,
783 3444 885 3521 es-ei,
910 3443 1043 3522 eis-ak,
1071 3466 1150 3506 εσ-οτ

173 3535 247 3602 dum
262 3536 370 3603 tabule
384 3539 522 3604 Bantina
536 3539 695 3604 recentior
708 3558 778 3604 eam
792 3540 857 3605 inz
871 3561 997 3607 versam
1010 3540 1159 3619 ostendit,
1175 3548 1212 3608 ut
1227 3564 1234 3607 :

174 3635 309 3713 eia-eis,
337 3635 472 3713 eia-eie,
499 3633 937 3725 611-1160111111616-116611),
964 3638 1096 3717 eia-ak,
1123 3639 1224 3718 iz-ik,
1250 3647 1311 3707 ete.

216 3728 384 3798 Caeterum
409 3733 493 3797 inter
516 3732 642 3799 vocales
667 3753 685 3800 s
710 3731 868 3813 flexionis,
885 3735 966 3801 sicut
981 3737 1014 3800 in
1032 3737 1160 3822 gothica
1180 3736 1307 3824 lingua,

172 3828 356 3915 plerumque
371 3830 403 3895 in
419 3848 439 3895 z
452 3836 607 3909 mutatur,
624 3837 661 3897 ut
678 3852 685 3894 :

216 3925 246 4014 α)
262 3927 299 3993 In
313 3927 455 4015 genitivo
469 3927 585 4014 plurali
599 3929 773 3995 thematum
788 3948 870 4017 quae
883 3930 918 3995 in
931 3949 953 3996 u
969 3930 1020 3995 vel
1036 3950 1056 3998 o
1070 3930 1219 3999 desinunt
1236 3955 1242 3998 :

389 4045 593 4113 ayma-zum
851 4026 1049 4116 (causarum)

390 4125 599 4213 eiua-aune
847 4123 996 4214 (earum),
1014 4133 1073 4195 eto.

203 4379 224 4429 1.
245 4377 401 4445 (1161111111.
424 4382 490 4446 sam.
512 4379 557 4444 111,
580 4380 620 4433 11.
641 4404 674 4419 —
695 4380 732 4434 ur.
758 4381 877 4436 doresen
900 4381 949 4448 (id.
971 4382 1070 4450 1,117),
1089 4383 1140 4452 qui
1164 4383 1309 4452 Papirium

171 4457 319 4514 cursorem
333 4473 400 4515 cum
415 4460 525 4528 Papirio
540 4463 636 4517 Crasso
650 4462 724 4516 mihi
736 4463 899 4519 contudisse
916 4463 1038 4518 videtur.

200 4541 224 4591 1.
239 4540 367 4605 demean,
379 4541 415 4596 id.
433 4541 453 4605 l,
471 4543 520 4601 191,
536 4543 727 4608 1191191196.
