3276 5482
740 395 899 455 -26-

361 505 465 574 orbos
486 505 583 594 Virg.
947 508 1055 577 orbor

360 605 469 673 bonos
945 608 1059 674 bonor

268 735 271 740 <
342 700 461 770 *tubos
485 700 563 770 Sall.
949 703 1054 772 labor

359 803 457 887 lepos
481 804 578 869 Lucr.
948 804 1050 888 lepor

340 899 480 966 *melios
504 899 625 966 Caum.
646 901 719 967 sul,
947 902 1076 968 melior

340 995 439 1065 *odos
461 997 568 1063 Plaut.
949 1001 1038 1066 odor

358 1097 468 1160 decus
484 1094 580 1180 (quod
594 1096 701 1183 ornat)
947 1094 1280 1186 decor(quoddeoet)

340 1190 468 1258 *robus
492 1193 570 1258 Cato
945 1193 1062 1260 robur

357 1294 456 1357 oetier
930 1292 1045 1359 *veter
1066 1294 1147 1362 Var.
1163 1295 1239 1374 Vll,
1255 1297 1289 1363 8.

291 1389 345 1455 Ex
357 1389 408 1455 his
422 1388 550 1456 videtur
561 1390 706 1477 linguam
724 1409 952 1477 nonnunquam
968 1390 1089 1458 interr
1105 1399 1138 1459 et
1157 1412 1174 1461 s
1191 1394 1364 1463 haesitasse
1380 1418 1388 1463 :

251 1506 390 1572 namque
408 1506 473 1553 non
494 1487 596 1554 solum
612 1487 735 1553 formas
756 1508 827 1554 cum
847 1509 865 1555 s
886 1497 918 1556 et
936 1509 1009 1555 cum
1028 1509 1050 1553 r
1069 1490 1162 1556 simul
1182 1495 1333 1572 servarit,
1355 1499 1393 1560 ut

247 1584 398 1652 arborei
412 1585 526 1664 arbos,
543 1584 641 1652 tabor
652 1591 684 1650 et
696 1584 802 1662 labos,
815 1588 1069 1673 leporetlepos,
1075 1588 1199 1673 puteis
1211 1591 1390 1676 etpuloar,

248 1701 371 1749 vomer
387 1690 418 1750 et
431 1685 556 1761 vomis,
572 1683 686 1749 donor
700 1690 732 1749 et
745 1684 865 1759 docos,
884 1720 928 1736 -
941 1685 1024 1771 quod
1038 1685 1229 1753 vocabulum
1244 1689 1337 1753 etiam
1350 1688 1393 1754 ab

247 1782 373 1868 optimis
386 1782 592 1869 scriptoribus
605 1782 677 1848 voci
691 1781 806 1848 bonor
827 1783 1006 1868 praefertur
1024 1820 1066 1833 -
1087 1785 1141 1851 sed
1162 1787 1258 1851 etiam
1282 1785 1392 1852 formis

247 1880 476 1947 recentioribus
504 1900 577 1946 cum
604 1899 626 1943 r
651 1879 793 1965 rejectis,
824 1887 950 1948 tantum
970 1883 1159 1950 vetustiores
1183 1882 1336 1950 flexiones
1357 1886 1392 1950 in

246 1997 265 2045 s
288 1977 467 2045 desinentes
489 1978 638 2057 retinuit,
665 1985 700 2043 ut
726 1978 827 2056 circis,
856 1981 1025 2060 cucumis,
1053 1979 1188 2048 vetus&
1206 1984 1307 2068 Igitur
1319 1989 1393 2070 post

250 2076 406 2164 quoddam
423 2078 572 2162 temporis
586 2076 734 2162 spatium,
758 2082 793 2140 ut
811 2076 985 2143 verisimile
998 2084 1057 2157 est,
1076 2084 1245 2164 postquam
1257 2099 1275 2145 s
1289 2079 1391 2146 media

250 2177 283 2240 in
305 2195 327 2239 r
341 2177 407 2263 jam
427 2195 491 2240 non
518 2180 639 2241 mutata
657 2172 769 2251 suits
799 2181 944 2242 extrema
967 2196 1092 2263 quoque
1115 2197 1137 2242 r
1164 2175 1284 2244 mediae
1305 2180 1391 2245 assi-

246 2270 353 2338 milari
365 2271 495 2338 desiisse
509 2272 645 2339 videtur.

289 2370 458 2436 Caeterum
471 2371 549 2436 haec
562 2369 747 2436 assimilatio
771 2389 834 2435 non
855 2370 971 2458 ubique
985 2390 1083 2457 aeque
1103 2371 1187 2438 facte
1209 2369 1287 2449 luit3
1312 2391 1388 2439 nam

245 2467 272 2534 si
293 2467 461 2545 vocabula,
486 2487 569 2552 quae
594 2487 691 2553 supra
711 2466 927 2553 proteruntur,
944 2471 1029 2535 inter
1042 2490 1077 2537 se
1090 2469 1246 2548 conteras,
1267 2468 1391 2537 videbis

244 2583 313 2631 eam
330 2566 528 2651 potissimum
541 2572 612 2651 post
630 2585 652 2629 r
671 2567 822 2652 reperiri;
839 2571 962 2644 contra,
979 2587 1004 2632 u
1017 2566 1123 2634 vocali
1136 2565 1354 2653 praecedente,
1372 2587 1391 2633 s

244 2662 428 2749 plerumque
446 2669 579 2749 perstat,
598 2668 669 2749 post
687 2663 701 2727 i
716 2664 811 2730 etiam
825 2683 986 2751 nunquam
999 2665 1033 2730 in
1045 2685 1068 2729 r
1081 2666 1229 2731 vertitur.
1255 2663 1390 2732 Nullum

245 2780 369 2847 quoque
392 2759 582 2827 vocabulum
605 2760 781 2840 invenitur,
808 2763 935 2848 inquo,
962 2761 1103 2829 smsdia
1126 2782 1190 2829 non
1212 2767 1348 2842 mutata,
1372 2782 1391 2828 s

244 2864 387 2924 extrema
418 2861 452 2924 in
486 2879 507 2922 r
538 2864 693 2925 transeat.
720 2858 928 2936 Quamobrem
951 2880 1016 2926 vox
1041 2861 1214 2945 quicquic,
1247 2878 1330 2946 quae
1356 2861 1389 2926 in

244 2956 391 3021 Varrone
420 2954 583 3022 occurrit²
606 2957 683 3022 mibi
706 2976 771 3023 non
795 2977 853 3042 pro
867 2958 1040 3042 quisquis,
1057 2956 1111 3023 sed
1124 2975 1182 3042 pro
1196 2957 1387 3041 quidquid,

244 3054 269 3119 d
289 3055 324 3118 in
344 3072 376 3132 r,
391 3059 428 3123 ut
441 3053 524 3120 infra
540 3054 727 3132 videbimus,
744 3073 851 3131 versa,
867 3073 937 3121 esse
950 3054 1087 3120 videtur.

289 3152 429 3217 Litterae
451 3171 469 3217 s
492 3153 526 3217 in
539 3172 560 3216 r
574 3154 733 3228 transitio,
761 3158 798 3217 ut
820 3171 862 3216 ex
882 3151 932 3217 bis
949 3159 1093 3238 apparet,
1110 3153 1144 3217 in
1156 3151 1267 3238 lingua
1288 3151 1389 3218 latina

243 3251 418 3316 communis
442 3251 576 3316 mutatio
598 3256 663 3328 est;
690 3250 744 3315 sed
766 3268 828 3335 quo
849 3255 989 3333 tempore
1002 3256 1051 3315 est
1064 3247 1168 3315 factat
1188 3248 1389 3316 Vocabulum

251 3347 374 3413 Veturi
399 3347 483 3432 quod
508 3349 541 3412 in
559 3346 708 3413 Carmine
732 3345 842 3412 saliari
865 3347 1033 3430 reperitur,
1057 3345 1248 3423 ostenderet,
1276 3347 1304 3411 si
1330 3365 1389 3430 pro

244 3451 330 3511 certo
343 3441 455 3510 haberi
470 3452 586 3529 posset,
610 3445 695 3511 hanc
713 3443 920 3509 mutationem
936 3449 1060 3509 mature
1080 3444 1115 3508 in
1132 3463 1226 3510 usum
1242 3444 1386 3524 venisse;

243 3548 386 3608 attamen
398 3562 496 3627 quum
506 3539 600 3607 doces
613 3540 778 3628 quaedam,
795 3540 948 3627 inquibus
962 3540 1161 3626 speratabat,
1178 3542 1325 3608 Varrone
1333 3547 1389 3606 tes·

243 3644 343 3714 tante,
363 3638 398 3702 in
406 3637 514 3703 eodem
524 3640 665 3704 carmine
675 3645 891 3716 occurerent,
912 3637 1026 3724 conjici
1045 3644 1149 3723 potest
1161 3637 1257 3725 longe
1274 3637 1388 3706 abessa

243 3736 365 3802 uthaec
377 3738 555 3814 conversio,
572 3738 599 3802 si
605 3737 672 3824 jam
682 3737 799 3803 usitata
813 3741 908 3813 esset,
926 3742 1025 3802 totam
1039 3733 1218 3802 declinandi
1231 3737 1388 3803 rationem

242 3833 446 3921 pervasisset.
478 3834 553 3899 Vox
584 3834 749 3900 Veturius
778 3833 918 3919 quoque,
954 3854 1050 3920 quae,
1085 3833 1176 3918 juxta
1205 3834 1385 3912 Vetusius,

275 4061 296 4113 t.
314 4061 448 4121 bumont,
463 4061 581 4114 mamm.
594 4061 683 4124 latina,
697 4061 726 4113 7·
739 4059 795 4121 ed,
810 4073 838 4125 p.
856 4060 893 4114 ll.
905 4087 934 4098 —
945 4059 983 4112 Gi.
998 4058 1096 4126 Bailly,
1109 4059 1217 4113 lloauel
1230 4060 1274 4114 aa
1283 4063 1388 4116 metm

242 4153 372 4207 orcoques,
386 4141 425 4193 el.

184 4254 186 4260 ι
272 4222 295 4274 2
313 4225 356 4274 De
369 4222 460 4287 linquo
475 4221 571 4282 latina,
587 4220 643 4285 Vll,
660 4223 683 4274 8.

564 4300 624 4355 olla
638 4304 719 4355 veter
734 4302 825 4367 mbos,
840 4307 959 4369 qutrqaur
972 4306 1017 4357 est
1018 4339 1065 4356 .....

242 4381 391 4436 caeterum
406 4381 499 4449 liquet
511 4382 639 4449 primum
655 4397 677 4447 a,
701 4394 787 4449 quem
812 4395 876 4436 eam
897 4399 913 4449 q
936 4387 1081 4449 sequatur,
1104 4381 1134 4436 in
1153 4397 1168 4434 r
1184 4395 1243 4437 non
1263 4382 1387 4438 transire

235 4461 339 4529 ‘possm
354 4476 367 4514 s
380 4462 461 4516 uerbi
474 4466 531 4529 qus
544 4462 630 4517 edum
645 4475 704 4516 non
719 4463 825 4518 mutari
839 4467 944 4530 potest,
959 4462 1027 4529 quia
1039 4468 1103 4529 post
1116 4466 1127 4514 t
1138 4467 1226 4531 atque
1239 4464 1269 4518 in
1283 4476 1384 4519 mono·

242 4541 353 4610 syllaba
367 4543 517 4610 reperitur.
