<?xml version="1.0" encoding="UTF-8"?>
<!DOCTYPE html PUBLIC "-//W3C//DTD XHTML 1.0 Transitional//EN"
    "http://www.w3.org/TR/xhtml1/DTD/xhtml1-transitional.dtd">
<html xmlns="http://www.w3.org/1999/xhtml" xml:lang="en" lang="en">
 <head>
  <title>
</title>
<meta http-equiv="Content-Type" content="text/html;charset=utf-8" />
  <meta name='ocr-system' content='tesseract 3.04.00' />
  <meta name='ocr-capabilities' content='ocr_page ocr_carea ocr_par ocr_line ocrx_word'/>
</head>
<body>
  <div class='ocr_page' id='page_1' title='image "./derhotacismoini00joregoog_0054.png"; bbox 0 0 3276 5482; ppageno 0'>
   <div class='ocr_carea' id='block_1_1' title="bbox 664 313 823 371">
    <p class='ocr_par' dir='ltr' id='par_1_1' title="bbox 664 313 823 371">
     <span class='ocr_line' id='line_1_1' title="bbox 664 313 823 371; baseline 0 -16"><span class='ocrx_word' id='word_1_1' title='bbox 664 313 823 371; x_wconf 76' lang='lat'>..35-</span> 
     </span>
    </p>
   </div>
   <div class='ocr_carea' id='block_1_2' title="bbox 164 425 1317 2866">
    <p class='ocr_par' dir='ltr' id='par_1_2' title="bbox 164 425 1317 1885">
     <span class='ocr_line' id='line_1_2' title="bbox 166 425 1311 514; baseline -0.001 -19"><span class='ocrx_word' id='word_1_2' title='bbox 166 430 298 495; x_wconf 84' lang='lat' dir='ltr'>frisiana</span> <span class='ocrx_word' id='word_1_3' title='bbox 318 435 415 513; x_wconf 88' lang='lat' dir='ltr'>atque</span> <span class='ocrx_word' id='word_1_4' title='bbox 435 426 695 514; x_wconf 81' lang='lat' dir='ltr'>anglosaxonica,</span> <span class='ocrx_word' id='word_1_5' title='bbox 719 427 752 492; x_wconf 93' lang='lat' dir='ltr'>in</span> <span class='ocrx_word' id='word_1_6' title='bbox 766 427 966 492; x_wconf 80' lang='lat' dir='ltr'>Britanniam</span> <span class='ocrx_word' id='word_1_7' title='bbox 984 445 1003 491; x_wconf 92' lang='lat' dir='ltr'>a</span> <span class='ocrx_word' id='word_1_8' title='bbox 1018 425 1197 492; x_wconf 81' lang='lat' dir='ltr'>Saxonihus</span> <span class='ocrx_word' id='word_1_9' title='bbox 1211 425 1311 504; x_wconf 86' lang='lat' dir='ltr'>illata,</span> 
     </span>
     <span class='ocr_line' id='line_1_3' title="bbox 166 522 1314 611; baseline 0 -19"><span class='ocrx_word' id='word_1_10' title='bbox 166 526 320 594; x_wconf 89' lang='lat' dir='ltr'>dialectus</span> <span class='ocrx_word' id='word_1_11' title='bbox 336 525 509 604; x_wconf 90' lang='lat' dir='ltr'>indicatur,</span> <span class='ocrx_word' id='word_1_12' title='bbox 531 562 574 576; x_wconf 96' lang='lat'><em>-</em></span> <span class='ocrx_word' id='word_1_13' title='bbox 588 524 714 591; x_wconf 91' lang='lat' dir='ltr'>tandem</span> <span class='ocrx_word' id='word_1_14' title='bbox 730 545 748 589; x_wconf 94' lang='lat' dir='ltr'>e</span> <span class='ocrx_word' id='word_1_15' title='bbox 761 544 931 601; x_wconf 89' lang='lat' dir='ltr'>norraeno,</span> <span class='ocrx_word' id='word_1_16' title='bbox 954 522 1196 611; x_wconf 78' lang='lat' dir='ltr'>septentrionali</span> <span class='ocrx_word' id='word_1_17' title='bbox 1212 524 1314 592; x_wconf 89' lang='lat' dir='ltr'>islan-</span> 
     </span>
     <span class='ocr_line' id='line_1_4' title="bbox 166 613 1315 711; baseline -0.001 -20"><span class='ocrx_word' id='word_1_18' title='bbox 166 625 288 703; x_wconf 90' lang='lat' dir='ltr'>dioove,</span> <span class='ocrx_word' id='word_1_19' title='bbox 313 644 375 711; x_wconf 91' lang='lat' dir='ltr'>quo</span> <span class='ocrx_word' id='word_1_20' title='bbox 401 623 536 690; x_wconf 91' lang='lat' dir='ltr'>Soandia</span> <span class='ocrx_word' id='word_1_21' title='bbox 560 623 676 702; x_wconf 91' lang='lat' dir='ltr'>utitur,</span> <span class='ocrx_word' id='word_1_22' title='bbox 705 642 849 688; x_wconf 89' lang='lat' dir='ltr'>sermone</span> <span class='ocrx_word' id='word_1_23' title='bbox 883 627 1021 688; x_wconf 87' lang='lat' dir='ltr'>constat.</span> <span class='ocrx_word' id='word_1_24' title='bbox 1052 620 1186 687; x_wconf 87' lang='lat' dir='ltr'>Gothica</span> <span class='ocrx_word' id='word_1_25' title='bbox 1209 613 1315 690; x_wconf 80' lang='lat' dir='ltr'>autem</span> 
     </span>
     <span class='ocr_line' id='line_1_5' title="bbox 165 718 1313 811; baseline -0.002 -22"><span class='ocrx_word' id='word_1_26' title='bbox 165 724 276 811; x_wconf 91' lang='lat' dir='ltr'>lingua</span> <span class='ocrx_word' id='word_1_27' title='bbox 296 743 429 810; x_wconf 90' lang='lat' dir='ltr'>prorsus</span> <span class='ocrx_word' id='word_1_28' title='bbox 452 723 594 801; x_wconf 88' lang='lat' dir='ltr'>evanuit,</span> <span class='ocrx_word' id='word_1_29' title='bbox 617 740 676 787; x_wconf 92' lang='lat' dir='ltr'>nec</span> <span class='ocrx_word' id='word_1_30' title='bbox 696 718 795 785; x_wconf 91' lang='lat' dir='ltr'>ullum</span> <span class='ocrx_word' id='word_1_31' title='bbox 816 718 900 785; x_wconf 92' lang='lat' dir='ltr'>aliud</span> <span class='ocrx_word' id='word_1_32' title='bbox 915 720 1027 806; x_wconf 87' lang='lat' dir='ltr'>genuit</span> <span class='ocrx_word' id='word_1_33' title='bbox 1039 719 1174 797; x_wconf 88' lang='lat' dir='ltr'>idioma;</span> <span class='ocrx_word' id='word_1_34' title='bbox 1190 741 1257 786; x_wconf 91' lang='lat' dir='ltr'>non</span> <span class='ocrx_word' id='word_1_35' title='bbox 1269 723 1313 787; x_wconf 93' lang='lat' dir='ltr'>ita</span> 
     </span>
     <span class='ocr_line' id='line_1_6' title="bbox 166 816 1316 907; baseline -0.002 -21"><span class='ocrx_word' id='word_1_36' title='bbox 166 820 205 886; x_wconf 90' lang='lat' dir='ltr'>de</span> <span class='ocrx_word' id='word_1_37' title='bbox 230 819 361 907; x_wconf 90' lang='lat' dir='ltr'>reliquis</span> <span class='ocrx_word' id='word_1_38' title='bbox 391 821 532 906; x_wconf 91' lang='lat' dir='ltr'>quinque</span> <span class='ocrx_word' id='word_1_39' title='bbox 558 818 688 906; x_wconf 83' lang='lat' dir='ltr'>linguis.</span> <span class='ocrx_word' id='word_1_40' title='bbox 717 816 770 883; x_wconf 89' lang='lat' dir='ltr'>Sic</span> <span class='ocrx_word' id='word_1_41' title='bbox 797 819 954 883; x_wconf 81' lang='lat' dir='ltr'>vetustior</span> <span class='ocrx_word' id='word_1_42' title='bbox 980 816 1134 883; x_wconf 85' lang='lat' dir='ltr'>theotisca</span> <span class='ocrx_word' id='word_1_43' title='bbox 1162 816 1316 886; x_wconf 84' lang='lat' dir='ltr'>dialectus</span> 
     </span>
     <span class='ocr_line' id='line_1_7' title="bbox 166 914 1315 1006; baseline -0.003 -21"><span class='ocrx_word' id='word_1_44' title='bbox 166 919 310 1006; x_wconf 76' lang='lat' dir='ltr'>superior</span> <span class='ocrx_word' id='word_1_45' title='bbox 324 925 445 984; x_wconf 89' lang='lat' dir='ltr'>mutata</span> <span class='ocrx_word' id='word_1_46' title='bbox 460 916 563 983; x_wconf 89' lang='lat' dir='ltr'>media</span> <span class='ocrx_word' id='word_1_47' title='bbox 572 918 717 1003; x_wconf 81' lang='lat' dir='ltr'>superior</span> <span class='ocrx_word' id='word_1_48' title='bbox 728 921 778 981; x_wconf 91' lang='lat' dir='ltr'>est</span> <span class='ocrx_word' id='word_1_49' title='bbox 788 914 884 993; x_wconf 86' lang='lat' dir='ltr'>facta,</span> <span class='ocrx_word' id='word_1_50' title='bbox 901 914 985 981; x_wconf 91' lang='lat' dir='ltr'>unde</span> <span class='ocrx_word' id='word_1_51' title='bbox 994 917 1152 981; x_wconf 89' lang='lat' dir='ltr'>recentior</span> <span class='ocrx_word' id='word_1_52' title='bbox 1162 917 1315 982; x_wconf 83' lang='lat' dir='ltr'>theotisca</span> 
     </span>
     <span class='ocr_line' id='line_1_8' title="bbox 165 1012 1315 1106; baseline -0.002 -24"><span class='ocrx_word' id='word_1_53' title='bbox 165 1016 275 1104; x_wconf 89' lang='lat' dir='ltr'>lingua</span> <span class='ocrx_word' id='word_1_54' title='bbox 288 1016 390 1082; x_wconf 85' lang='lat' dir='ltr'>oritur</span> <span class='ocrx_word' id='word_1_55' title='bbox 402 1037 411 1093; x_wconf 89' lang='grc'>;</span> <span class='ocrx_word' id='word_1_56' title='bbox 426 1035 491 1080; x_wconf 90' lang='lat' dir='ltr'>non</span> <span class='ocrx_word' id='word_1_57' title='bbox 505 1013 598 1080; x_wconf 89' lang='lat' dir='ltr'>aliter</span> <span class='ocrx_word' id='word_1_58' title='bbox 611 1015 770 1081; x_wconf 88' lang='lat' dir='ltr'>vetustior</span> <span class='ocrx_word' id='word_1_59' title='bbox 778 1015 932 1106; x_wconf 82' lang='lat' dir='ltr'>saxonica</span> <span class='ocrx_word' id='word_1_60' title='bbox 941 1012 1105 1092; x_wconf 80' lang='lat' dir='ltr'>dialectos,</span> <span class='ocrx_word' id='word_1_61' title='bbox 1123 1013 1224 1080; x_wconf 92' lang='lat' dir='ltr'>medio</span> <span class='ocrx_word' id='word_1_62' title='bbox 1235 1034 1315 1080; x_wconf 86' lang='lat' dir='ltr'>aevo</span> 
     </span>
     <span class='ocr_line' id='line_1_9' title="bbox 167 1109 1315 1198; baseline -0.001 -19"><span class='ocrx_word' id='word_1_63' title='bbox 167 1119 297 1193; x_wconf 90' lang='lat' dir='ltr'>mutata,</span> <span class='ocrx_word' id='word_1_64' title='bbox 319 1111 396 1179; x_wconf 94' lang='lat' dir='ltr'>illud</span> <span class='ocrx_word' id='word_1_65' title='bbox 410 1111 492 1198; x_wconf 94' lang='lat' dir='ltr'>quod</span> <span class='ocrx_word' id='word_1_66' title='bbox 503 1111 602 1197; x_wconf 79' lang='lat' dir='ltr'>plait</span> <span class='ocrx_word' id='word_1_67' title='bbox 617 1112 763 1179; x_wconf 80' lang='lat' dir='ltr'>deutsch</span> <span class='ocrx_word' id='word_1_68' title='bbox 774 1111 871 1197; x_wconf 81' lang='lat' dir='ltr'>uulgo</span> <span class='ocrx_word' id='word_1_69' title='bbox 884 1109 1011 1189; x_wconf 91' lang='lat' dir='ltr'>dicitur,</span> <span class='ocrx_word' id='word_1_70' title='bbox 1027 1109 1142 1178; x_wconf 90' lang='lat' dir='ltr'>idioma</span> <span class='ocrx_word' id='word_1_71' title='bbox 1155 1114 1281 1198; x_wconf 82' lang='lat' dir='ltr'>genuit3</span> <span class='ocrx_word' id='word_1_72' title='bbox 1298 1133 1315 1178; x_wconf 92' lang='lat' dir='ltr'>e</span> 
     </span>
     <span class='ocr_line' id='line_1_10' title="bbox 165 1207 1311 1295; baseline -0.002 -18"><span class='ocrx_word' id='word_1_73' title='bbox 165 1213 341 1278; x_wconf 85' lang='lat' dir='ltr'>vetustiore</span> <span class='ocrx_word' id='word_1_74' title='bbox 359 1218 465 1278; x_wconf 91' lang='lat' dir='ltr'>autem</span> <span class='ocrx_word' id='word_1_75' title='bbox 488 1210 620 1277; x_wconf 88' lang='lat' dir='ltr'>frisiana</span> <span class='ocrx_word' id='word_1_76' title='bbox 643 1209 776 1276; x_wconf 89' lang='lat' dir='ltr'>dialecto</span> <span class='ocrx_word' id='word_1_77' title='bbox 797 1207 924 1284; x_wconf 85' lang='lat' dir='ltr'>idioma,</span> <span class='ocrx_word' id='word_1_78' title='bbox 948 1230 1010 1295; x_wconf 94' lang='lat' dir='ltr'>quo</span> <span class='ocrx_word' id='word_1_79' title='bbox 1033 1210 1149 1276; x_wconf 88' lang='lat' dir='ltr'>Batavi</span> <span class='ocrx_word' id='word_1_80' title='bbox 1166 1216 1311 1286; x_wconf 89' lang='lat' dir='ltr'>utuntur,</span> 
     </span>
     <span class='ocr_line' id='line_1_11' title="bbox 165 1306 1316 1393; baseline -0.003 -18"><span class='ocrx_word' id='word_1_81' title='bbox 165 1313 277 1375; x_wconf 88' lang='lat' dir='ltr'>natum</span> <span class='ocrx_word' id='word_1_82' title='bbox 303 1315 374 1386; x_wconf 89' lang='lat' dir='ltr'>est;</span> <span class='ocrx_word' id='word_1_83' title='bbox 400 1309 528 1374; x_wconf 65' lang='lat' dir='ltr'>undem</span> <span class='ocrx_word' id='word_1_84' title='bbox 551 1307 802 1393; x_wconf 84' lang='lat' dir='ltr'>anglosaxonica</span> <span class='ocrx_word' id='word_1_85' title='bbox 828 1306 1000 1386; x_wconf 83' lang='lat' dir='ltr'>dialectos,</span> <span class='ocrx_word' id='word_1_86' title='bbox 1027 1314 1214 1393; x_wconf 90' lang='lat' dir='ltr'>postquam,</span> <span class='ocrx_word' id='word_1_87' title='bbox 1241 1309 1316 1372; x_wconf 90' lang='lat' dir='ltr'>Bri-</span> 
     </span>
     <span class='ocr_line' id='line_1_12' title="bbox 165 1405 1317 1491; baseline 0 -20"><span class='ocrx_word' id='word_1_88' title='bbox 165 1407 276 1473; x_wconf 88' lang='lat' dir='ltr'>tannia</span> <span class='ocrx_word' id='word_1_89' title='bbox 292 1427 312 1473; x_wconf 89' lang='lat' dir='ltr'>a</span> <span class='ocrx_word' id='word_1_90' title='bbox 329 1408 497 1474; x_wconf 84' lang='lat' dir='ltr'>Germanis</span> <span class='ocrx_word' id='word_1_91' title='bbox 512 1410 677 1491; x_wconf 89' lang='lat' dir='ltr'>occupata,</span> <span class='ocrx_word' id='word_1_92' title='bbox 699 1411 819 1471; x_wconf 88' lang='lat' dir='ltr'>mutata</span> <span class='ocrx_word' id='word_1_93' title='bbox 837 1406 1041 1490; x_wconf 86' lang='lat' dir='ltr'>romanisque</span> <span class='ocrx_word' id='word_1_94' title='bbox 1061 1425 1133 1472; x_wconf 90' lang='lat' dir='ltr'>cum</span> <span class='ocrx_word' id='word_1_95' title='bbox 1150 1405 1317 1472; x_wconf 86' lang='lat' dir='ltr'>vocabulis</span> 
     </span>
     <span class='ocr_line' id='line_1_13' title="bbox 165 1502 1316 1591; baseline 0 -22"><span class='ocrx_word' id='word_1_96' title='bbox 165 1505 266 1569; x_wconf 83' lang='lat' dir='ltr'>mixta</span> <span class='ocrx_word' id='word_1_97' title='bbox 285 1505 357 1583; x_wconf 87' lang='lat' dir='ltr'>luit,</span> <span class='ocrx_word' id='word_1_98' title='bbox 384 1503 543 1591; x_wconf 83' lang='lat' dir='ltr'>gradatim</span> <span class='ocrx_word' id='word_1_99' title='bbox 566 1504 731 1580; x_wconf 88' lang='lat' dir='ltr'>vetustior,</span> <span class='ocrx_word' id='word_1_100' title='bbox 761 1502 834 1568; x_wconf 91' lang='lat' dir='ltr'>dein</span> <span class='ocrx_word' id='word_1_101' title='bbox 862 1503 964 1570; x_wconf 88' lang='lat' dir='ltr'>media</span> <span class='ocrx_word' id='word_1_102' title='bbox 987 1523 1027 1569; x_wconf 92' lang='lat' dir='ltr'>ac</span> <span class='ocrx_word' id='word_1_103' title='bbox 1048 1502 1183 1590; x_wconf 90' lang='lat' dir='ltr'>denique</span> <span class='ocrx_word' id='word_1_104' title='bbox 1202 1523 1316 1570; x_wconf 91' lang='lat' dir='ltr'>recen-</span> 
     </span>
     <span class='ocr_line' id='line_1_14' title="bbox 164 1600 1311 1688; baseline 0.002 -22"><span class='ocrx_word' id='word_1_105' title='bbox 164 1602 227 1666; x_wconf 91' lang='lat' dir='ltr'>tior</span> <span class='ocrx_word' id='word_1_106' title='bbox 244 1603 373 1688; x_wconf 90' lang='lat' dir='ltr'>anglica</span> <span class='ocrx_word' id='word_1_107' title='bbox 394 1603 477 1668; x_wconf 81' lang='lat' dir='ltr'>iacta</span> <span class='ocrx_word' id='word_1_108' title='bbox 502 1607 550 1667; x_wconf 89' lang='lat' dir='ltr'>est</span> <span class='ocrx_word' id='word_1_109' title='bbox 568 1601 689 1688; x_wconf 87' lang='lat' dir='ltr'>lingua.</span> <span class='ocrx_word' id='word_1_110' title='bbox 715 1600 814 1667; x_wconf 91' lang='lat' dir='ltr'>Simili</span> <span class='ocrx_word' id='word_1_111' title='bbox 832 1601 925 1667; x_wconf 93' lang='lat' dir='ltr'>modo</span> <span class='ocrx_word' id='word_1_112' title='bbox 944 1621 962 1667; x_wconf 93' lang='lat' dir='ltr'>e</span> <span class='ocrx_word' id='word_1_113' title='bbox 979 1619 1141 1667; x_wconf 91' lang='lat' dir='ltr'>norraeno</span> <span class='ocrx_word' id='word_1_114' title='bbox 1154 1601 1311 1679; x_wconf 90' lang='lat' dir='ltr'>idiomate,</span> 
     </span>
     <span class='ocr_line' id='line_1_15' title="bbox 165 1698 1315 1787; baseline 0.003 -21"><span class='ocrx_word' id='word_1_115' title='bbox 165 1700 256 1787; x_wconf 89' lang='lat' dir='ltr'>cujus</span> <span class='ocrx_word' id='word_1_116' title='bbox 269 1706 431 1766; x_wconf 88' lang='lat' dir='ltr'>caeterum</span> <span class='ocrx_word' id='word_1_117' title='bbox 444 1707 648 1766; x_wconf 88' lang='lat' dir='ltr'>monumenta</span> <span class='ocrx_word' id='word_1_118' title='bbox 662 1700 841 1766; x_wconf 84' lang='lat' dir='ltr'>recentiora</span> <span class='ocrx_word' id='word_1_119' title='bbox 855 1705 941 1777; x_wconf 88' lang='lat' dir='ltr'>eunt,</span> <span class='ocrx_word' id='word_1_120' title='bbox 956 1698 1070 1766; x_wconf 89' lang='lat' dir='ltr'>danica</span> <span class='ocrx_word' id='word_1_121' title='bbox 1082 1707 1176 1786; x_wconf 89' lang='lat' dir='ltr'>atque</span> <span class='ocrx_word' id='word_1_122' title='bbox 1190 1702 1315 1769; x_wconf 84' lang='lat' dir='ltr'>suecica</span> 
     </span>
     <span class='ocr_line' id='line_1_16' title="bbox 164 1798 401 1885; baseline -0.004 -22"><span class='ocrx_word' id='word_1_123' title='bbox 164 1798 275 1885; x_wconf 90' lang='lat' dir='ltr'>lingua</span> <span class='ocrx_word' id='word_1_124' title='bbox 287 1798 401 1864; x_wconf 86' lang='lat' dir='ltr'>oritur.</span> 
     </span>
    </p>

    <p class='ocr_par' dir='ltr' id='par_1_3' title="bbox 164 1895 1315 2866">
     <span class='ocr_line' id='line_1_17' title="bbox 209 1895 1314 1983; baseline 0.001 -22"><span class='ocrx_word' id='word_1_125' title='bbox 209 1895 447 1962; x_wconf 88' lang='lat' dir='ltr'>Rhotacismum</span> <span class='ocrx_word' id='word_1_126' title='bbox 462 1895 611 1962; x_wconf 88' lang='lat' dir='ltr'>idiomata</span> <span class='ocrx_word' id='word_1_127' title='bbox 626 1898 769 1983; x_wconf 91' lang='lat' dir='ltr'>equibus</span> <span class='ocrx_word' id='word_1_128' title='bbox 778 1895 914 1982; x_wconf 91' lang='lat' dir='ltr'>primum</span> <span class='ocrx_word' id='word_1_129' title='bbox 923 1897 1179 1983; x_wconf 88' lang='lat' dir='ltr'>germanicarum</span> <span class='ocrx_word' id='word_1_130' title='bbox 1193 1896 1314 1963; x_wconf 86' lang='lat' dir='ltr'>familia</span> 
     </span>
     <span class='ocr_line' id='line_1_18' title="bbox 164 1991 1315 2080; baseline 0.003 -24"><span class='ocrx_word' id='word_1_131' title='bbox 164 1991 348 2079; x_wconf 87' lang='lat' dir='ltr'>linguarum</span> <span class='ocrx_word' id='word_1_132' title='bbox 370 1994 549 2072; x_wconf 84' lang='lat' dir='ltr'>constabat,</span> <span class='ocrx_word' id='word_1_133' title='bbox 572 2014 636 2060; x_wconf 92' lang='lat' dir='ltr'>non</span> <span class='ocrx_word' id='word_1_134' title='bbox 650 1993 825 2080; x_wconf 90' lang='lat' dir='ltr'>aequaliter</span> <span class='ocrx_word' id='word_1_135' title='bbox 842 2000 1021 2080; x_wconf 89' lang='lat' dir='ltr'>usurpant;</span> <span class='ocrx_word' id='word_1_136' title='bbox 1047 1995 1125 2060; x_wconf 90' lang='lat' dir='ltr'>haec</span> <span class='ocrx_word' id='word_1_137' title='bbox 1145 1996 1228 2060; x_wconf 89' lang='lat' dir='ltr'>enim</span> <span class='ocrx_word' id='word_1_138' title='bbox 1243 2015 1315 2060; x_wconf 91' lang='lat' dir='ltr'>mu-</span> 
     </span>
     <span class='ocr_line' id='line_1_19' title="bbox 164 2091 1315 2179; baseline 0.003 -23"><span class='ocrx_word' id='word_1_139' title='bbox 164 2093 242 2157; x_wconf 91' lang='lat' dir='ltr'>tatio</span> <span class='ocrx_word' id='word_1_140' title='bbox 255 2093 402 2178; x_wconf 87' lang='lat' dir='ltr'>gothicae</span> <span class='ocrx_word' id='word_1_141' title='bbox 415 2094 525 2178; x_wconf 91' lang='lat' dir='ltr'>ignota</span> <span class='ocrx_word' id='word_1_142' title='bbox 539 2097 666 2159; x_wconf 86' lang='lat' dir='ltr'>tantum</span> <span class='ocrx_word' id='word_1_143' title='bbox 679 2095 712 2158; x_wconf 91' lang='lat' dir='ltr'>in</span> <span class='ocrx_word' id='word_1_144' title='bbox 729 2092 866 2159; x_wconf 89' lang='lat' dir='ltr'>caeteris</span> <span class='ocrx_word' id='word_1_145' title='bbox 881 2094 1021 2179; x_wconf 91' lang='lat' dir='ltr'>quinque</span> <span class='ocrx_word' id='word_1_146' title='bbox 1034 2092 1188 2167; x_wconf 88' lang='lat' dir='ltr'>dialectis,</span> <span class='ocrx_word' id='word_1_147' title='bbox 1205 2091 1315 2160; x_wconf 82' lang='lat' dir='ltr'>diver-</span> 
     </span>
     <span class='ocr_line' id='line_1_20' title="bbox 164 2188 1314 2279; baseline 0.004 -25"><span class='ocrx_word' id='word_1_148' title='bbox 164 2189 250 2255; x_wconf 91' lang='lat' dir='ltr'>sibus</span> <span class='ocrx_word' id='word_1_149' title='bbox 276 2197 383 2257; x_wconf 84' lang='lat' dir='ltr'>tamen</span> <span class='ocrx_word' id='word_1_150' title='bbox 413 2188 577 2276; x_wconf 68' lang='lat' dir='ltr'>gradibus</span> <span class='ocrx_word' id='word_1_151' title='bbox 607 2192 777 2277; x_wconf 86' lang='lat' dir='ltr'>reperitur.</span> <span class='ocrx_word' id='word_1_152' title='bbox 804 2193 915 2277; x_wconf 90' lang='lat' dir='ltr'>Itaque</span> <span class='ocrx_word' id='word_1_153' title='bbox 942 2192 976 2256; x_wconf 90' lang='lat' dir='ltr'>in</span> <span class='ocrx_word' id='word_1_154' title='bbox 994 2189 1199 2277; x_wconf 89' lang='lat' dir='ltr'>indagatione</span> <span class='ocrx_word' id='word_1_155' title='bbox 1217 2211 1314 2279; x_wconf 90' lang='lat' dir='ltr'>quam</span> 
     </span>
     <span class='ocr_line' id='line_1_21' title="bbox 164 2287 1314 2376; baseline 0.002 -24"><span class='ocrx_word' id='word_1_156' title='bbox 164 2289 334 2375; x_wconf 86' lang='lat' dir='ltr'>aggredior</span> <span class='ocrx_word' id='word_1_157' title='bbox 348 2309 384 2354; x_wconf 89' lang='lat' dir='ltr'>ea</span> <span class='ocrx_word' id='word_1_158' title='bbox 398 2287 475 2353; x_wconf 94' lang='lat' dir='ltr'>mihi</span> <span class='ocrx_word' id='word_1_159' title='bbox 487 2290 521 2353; x_wconf 89' lang='lat' dir='ltr'>in</span> <span class='ocrx_word' id='word_1_160' title='bbox 536 2308 663 2375; x_wconf 91' lang='lat' dir='ltr'>quaque</span> <span class='ocrx_word' id='word_1_161' title='bbox 678 2308 788 2354; x_wconf 90' lang='lat' dir='ltr'>earum</span> <span class='ocrx_word' id='word_1_162' title='bbox 809 2308 848 2354; x_wconf 92' lang='lat' dir='ltr'>ac</span> <span class='ocrx_word' id='word_1_163' title='bbox 866 2308 991 2375; x_wconf 91' lang='lat' dir='ltr'>quaque</span> <span class='ocrx_word' id='word_1_164' title='bbox 1009 2294 1113 2355; x_wconf 89' lang='lat' dir='ltr'>aetate</span> <span class='ocrx_word' id='word_1_165' title='bbox 1127 2290 1191 2354; x_wconf 88' lang='lat' dir='ltr'>erit</span> <span class='ocrx_word' id='word_1_166' title='bbox 1204 2309 1314 2376; x_wconf 92' lang='lat' dir='ltr'>perse-</span> 
     </span>
     <span class='ocr_line' id='line_1_22' title="bbox 164 2384 1314 2473; baseline 0.003 -22"><span class='ocrx_word' id='word_1_167' title='bbox 164 2387 300 2471; x_wconf 92' lang='lat' dir='ltr'>quenda.</span> <span class='ocrx_word' id='word_1_168' title='bbox 322 2386 496 2453; x_wconf 84' lang='lat' dir='ltr'>Praeterea</span> <span class='ocrx_word' id='word_1_169' title='bbox 517 2406 614 2473; x_wconf 92' lang='lat' dir='ltr'>quum</span> <span class='ocrx_word' id='word_1_170' title='bbox 630 2388 663 2453; x_wconf 91' lang='lat' dir='ltr'>in</span> <span class='ocrx_word' id='word_1_171' title='bbox 677 2385 785 2453; x_wconf 91' lang='lat' dir='ltr'>radice</span> <span class='ocrx_word' id='word_1_172' title='bbox 800 2387 850 2452; x_wconf 88' lang='lat' dir='ltr'>vel</span> <span class='ocrx_word' id='word_1_173' title='bbox 864 2384 1047 2453; x_wconf 84' lang='lat' dir='ltr'>inflexione</span> <span class='ocrx_word' id='word_1_174' title='bbox 1061 2387 1139 2453; x_wconf 93' lang='lat' dir='ltr'>haec</span> <span class='ocrx_word' id='word_1_175' title='bbox 1154 2387 1314 2454; x_wconf 89' lang='lat' dir='ltr'>adultera-</span> 
     </span>
     <span class='ocr_line' id='line_1_23' title="bbox 165 2482 1312 2571; baseline 0.002 -23"><span class='ocrx_word' id='word_1_176' title='bbox 165 2484 210 2549; x_wconf 94' lang='lat' dir='ltr'>tio</span> <span class='ocrx_word' id='word_1_177' title='bbox 218 2482 288 2549; x_wconf 85' lang='lat' dir='ltr'>deri</span> <span class='ocrx_word' id='word_1_178' title='bbox 298 2486 409 2569; x_wconf 87' lang='lat' dir='ltr'>possit,</span> <span class='ocrx_word' id='word_1_179' title='bbox 426 2489 550 2570; x_wconf 88' lang='lat' dir='ltr'>oportet</span> <span class='ocrx_word' id='word_1_180' title='bbox 565 2503 637 2550; x_wconf 88' lang='lat' dir='ltr'>eam</span> <span class='ocrx_word' id='word_1_181' title='bbox 649 2482 838 2571; x_wconf 88' lang='lat' dir='ltr'>singillatim</span> <span class='ocrx_word' id='word_1_182' title='bbox 847 2485 937 2550; x_wconf 92' lang='lat' dir='ltr'>inhis</span> <span class='ocrx_word' id='word_1_183' title='bbox 951 2484 1074 2552; x_wconf 86' lang='lat' dir='ltr'>duabus</span> <span class='ocrx_word' id='word_1_184' title='bbox 1086 2486 1312 2552; x_wconf 89' lang='lat' dir='ltr'>vocabulorum</span> 
     </span>
     <span class='ocr_line' id='line_1_24' title="bbox 164 2579 1314 2670; baseline 0 -23"><span class='ocrx_word' id='word_1_185' title='bbox 164 2581 308 2668; x_wconf 88' lang='lat' dir='ltr'>partibus</span> <span class='ocrx_word' id='word_1_186' title='bbox 323 2581 495 2668; x_wconf 86' lang='lat' dir='ltr'>inquiram,</span> <span class='ocrx_word' id='word_1_187' title='bbox 511 2587 607 2668; x_wconf 89' lang='lat' dir='ltr'>atque</span> <span class='ocrx_word' id='word_1_188' title='bbox 622 2583 657 2647; x_wconf 91' lang='lat' dir='ltr'>in</span> <span class='ocrx_word' id='word_1_189' title='bbox 672 2579 810 2648; x_wconf 84' lang='lat' dir='ltr'>flexione</span> <span class='ocrx_word' id='word_1_190' title='bbox 824 2581 1026 2670; x_wconf 90' lang='lat' dir='ltr'>perpendam,</span> <span class='ocrx_word' id='word_1_191' title='bbox 1044 2603 1128 2670; x_wconf 92' lang='lat' dir='ltr'>quae</span> <span class='ocrx_word' id='word_1_192' title='bbox 1140 2604 1177 2650; x_wconf 92' lang='lat' dir='ltr'>ea</span> <span class='ocrx_word' id='word_1_193' title='bbox 1190 2583 1224 2647; x_wconf 90' lang='lat' dir='ltr'>in</span> <span class='ocrx_word' id='word_1_194' title='bbox 1238 2582 1314 2647; x_wconf 91' lang='lat' dir='ltr'>sub-</span> 
     </span>
     <span class='ocr_line' id='line_1_25' title="bbox 165 2678 1313 2767; baseline -0.001 -22"><span class='ocrx_word' id='word_1_195' title='bbox 165 2680 300 2746; x_wconf 84' lang='lat' dir='ltr'>stantivi</span> <span class='ocrx_word' id='word_1_196' title='bbox 321 2679 531 2767; x_wconf 85' lang='lat' dir='ltr'>adjectivique</span> <span class='ocrx_word' id='word_1_197' title='bbox 545 2678 599 2745; x_wconf 82' lang='lat' dir='ltr'>vel</span> <span class='ocrx_word' id='word_1_198' title='bbox 616 2680 812 2766; x_wconf 90' lang='lat' dir='ltr'>pronominis</span> <span class='ocrx_word' id='word_1_199' title='bbox 829 2678 1054 2758; x_wconf 90' lang='lat' dir='ltr'>declinatione,</span> <span class='ocrx_word' id='word_1_200' title='bbox 1072 2683 1155 2748; x_wconf 91' lang='lat' dir='ltr'>sicut</span> <span class='ocrx_word' id='word_1_201' title='bbox 1172 2682 1206 2746; x_wconf 91' lang='lat' dir='ltr'>in</span> <span class='ocrx_word' id='word_1_202' title='bbox 1223 2681 1313 2745; x_wconf 89' lang='lat' dir='ltr'>verbi</span> 
     </span>
     <span class='ocr_line' id='line_1_26' title="bbox 164 2777 523 2866; baseline -0.006 -21"><span class='ocrx_word' id='word_1_203' title='bbox 164 2777 397 2866; x_wconf 85' lang='lat' dir='ltr'>conjugatione,</span> <span class='ocrx_word' id='word_1_204' title='bbox 415 2780 523 2846; x_wconf 88' lang='lat' dir='ltr'>fuerit.</span> 
     </span>
    </p>
   </div>
   <div class='ocr_carea' id='block_1_3' title="bbox 485 2977 985 3043">
    <p class='ocr_par' dir='ltr' id='par_1_4' title="bbox 485 2977 985 3043">
     <span class='ocr_line' id='line_1_27' title="bbox 485 2977 985 3043; baseline -0.002 -2"><span class='ocrx_word' id='word_1_205' title='bbox 485 2977 512 3041; x_wconf 92' lang='grc' dir='ltr'>Ι.</span> <span class='ocrx_word' id='word_1_206' title='bbox 539 2977 773 3043; x_wconf 78' lang='lat' dir='ltr'>Rnorscrsuus</span> <span class='ocrx_word' id='word_1_207' title='bbox 797 2992 832 3042; x_wconf 81' lang='lat' dir='ltr'>ru</span> <span class='ocrx_word' id='word_1_208' title='bbox 854 2993 985 3042; x_wconf 79' lang='lat' dir='ltr'>nsnrcs.</span> 
     </span>
    </p>
   </div>
   <div class='ocr_carea' id='block_1_4' title="bbox 161 3153 1312 3925">
    <p class='ocr_par' dir='ltr' id='par_1_5' title="bbox 161 3153 1312 3925">
     <span class='ocr_line' id='line_1_28' title="bbox 208 3153 1312 3242; baseline 0.002 -21"><span class='ocrx_word' id='word_1_209' title='bbox 208 3157 244 3221; x_wconf 94' lang='lat' dir='ltr'>ln</span> <span class='ocrx_word' id='word_1_210' title='bbox 262 3156 454 3242; x_wconf 89' lang='lat' dir='ltr'>germanicis</span> <span class='ocrx_word' id='word_1_211' title='bbox 474 3155 593 3241; x_wconf 89' lang='lat' dir='ltr'>linguis</span> <span class='ocrx_word' id='word_1_212' title='bbox 612 3154 695 3220; x_wconf 88' lang='lat' dir='ltr'>sicut</span> <span class='ocrx_word' id='word_1_213' title='bbox 717 3155 752 3219; x_wconf 89' lang='lat' dir='ltr'>in</span> <span class='ocrx_word' id='word_1_214' title='bbox 772 3153 887 3221; x_wconf 91' lang='lat' dir='ltr'>italicis</span> <span class='ocrx_word' id='word_1_215' title='bbox 905 3155 1050 3222; x_wconf 86' lang='lat' dir='ltr'>dialectis</span> <span class='ocrx_word' id='word_1_216' title='bbox 1066 3155 1216 3234; x_wconf 79' lang='lat' dir='ltr'>alittera,</span> <span class='ocrx_word' id='word_1_217' title='bbox 1231 3177 1312 3242; x_wconf 89' lang='lat' dir='ltr'>quae</span> 
     </span>
     <span class='ocr_line' id='line_1_29' title="bbox 163 3252 931 3339; baseline 0.003 -22"><span class='ocrx_word' id='word_1_218' title='bbox 163 3272 277 3319; x_wconf 86' lang='lat' dir='ltr'>vocum</span> <span class='ocrx_word' id='word_1_219' title='bbox 290 3252 475 3339; x_wconf 89' lang='lat' dir='ltr'>principalis</span> <span class='ocrx_word' id='word_1_220' title='bbox 488 3257 549 3331; x_wconf 91' lang='lat' dir='ltr'>est,</span> <span class='ocrx_word' id='word_1_221' title='bbox 564 3270 686 3338; x_wconf 88' lang='lat' dir='ltr'>semper</span> <span class='ocrx_word' id='word_1_222' title='bbox 700 3257 823 3338; x_wconf 89' lang='lat' dir='ltr'>perstat</span> <span class='ocrx_word' id='word_1_223' title='bbox 833 3259 854 3329; x_wconf 90' lang='lat'>¹,</span> <span class='ocrx_word' id='word_1_224' title='bbox 871 3260 907 3319; x_wconf 89' lang='lat' dir='ltr'>ut</span> <span class='ocrx_word' id='word_1_225' title='bbox 924 3274 931 3318; x_wconf 93' lang='lat'>:</span> 
     </span>
     <span class='ocr_line' id='line_1_30' title="bbox 275 3349 1201 3436; baseline 0 -19"><span class='ocrx_word' id='word_1_226' title='bbox 275 3358 342 3435; x_wconf 88' lang='lat' dir='ltr'>got.</span> <span class='ocrx_word' id='word_1_227' title='bbox 368 3349 473 3417; x_wconf 82' lang='lat' dir='ltr'>sibun</span> <span class='ocrx_word' id='word_1_228' title='bbox 628 3369 691 3416; x_wconf 89' lang='lat' dir='ltr'>scr.</span> <span class='ocrx_word' id='word_1_229' title='bbox 716 3354 846 3434; x_wconf 78' lang='lat' dir='ltr'>copton</span> <span class='ocrx_word' id='word_1_230' title='bbox 988 3350 1044 3416; x_wconf 89' lang='lat' dir='ltr'>lat.</span> <span class='ocrx_word' id='word_1_231' title='bbox 1068 3357 1201 3436; x_wconf 83' lang='lat' dir='ltr'>septem</span> 
     </span>
     <span class='ocr_line' id='line_1_31' title="bbox 272 3448 1195 3534; baseline 0.001 -21"><span class='ocrx_word' id='word_1_232' title='bbox 272 3454 336 3534; x_wconf 89' lang='lat' dir='ltr'>got.</span> <span class='ocrx_word' id='word_1_233' title='bbox 364 3449 460 3513; x_wconf 82' lang='lat' dir='ltr'>sitan</span> <span class='ocrx_word' id='word_1_234' title='bbox 625 3466 687 3513; x_wconf 91' lang='lat' dir='ltr'>scr.</span> <span class='ocrx_word' id='word_1_235' title='bbox 714 3448 799 3513; x_wconf 86' lang='lat' dir='ltr'>sad-</span> <span class='ocrx_word' id='word_1_236' title='bbox 986 3448 1044 3514; x_wconf 90' lang='lat' dir='ltr'>lat.</span> <span class='ocrx_word' id='word_1_237' title='bbox 1072 3451 1195 3515; x_wconf 80' lang='lat' dir='ltr'>sedere</span> 
     </span>
     <span class='ocr_line' id='line_1_32' title="bbox 272 3544 1198 3631; baseline 0.002 -22"><span class='ocrx_word' id='word_1_238' title='bbox 272 3550 339 3631; x_wconf 89' lang='lat' dir='ltr'>got.</span> <span class='ocrx_word' id='word_1_239' title='bbox 365 3545 513 3629; x_wconf 78' lang='lat' dir='ltr'>speivan</span> <span class='ocrx_word' id='word_1_240' title='bbox 624 3563 686 3610; x_wconf 87' lang='lat' dir='ltr'>scr.</span> <span class='ocrx_word' id='word_1_241' title='bbox 712 3544 823 3611; x_wconf 69' lang='grc'><strong>31133-</strong></span> <span class='ocrx_word' id='word_1_242' title='bbox 985 3544 1042 3610; x_wconf 90' lang='lat' dir='ltr'>lat.</span> <span class='ocrx_word' id='word_1_243' title='bbox 1069 3564 1198 3631; x_wconf 81' lang='lat' dir='ltr'>spuere</span> 
     </span>
     <span class='ocr_line' id='line_1_33' title="bbox 272 3642 1285 3729; baseline 0.002 -20"><span class='ocrx_word' id='word_1_244' title='bbox 272 3650 339 3729; x_wconf 90' lang='lat' dir='ltr'>got.</span> <span class='ocrx_word' id='word_1_245' title='bbox 365 3644 512 3709; x_wconf 79' lang='lat' dir='ltr'>svaihro</span> <span class='ocrx_word' id='word_1_246' title='bbox 619 3664 682 3708; x_wconf 90' lang='lat' dir='ltr'>scr.</span> <span class='ocrx_word' id='word_1_247' title='bbox 709 3649 859 3724; x_wconf 71' lang='lat' dir='ltr'>cacerris</span> <span class='ocrx_word' id='word_1_248' title='bbox 984 3642 1041 3708; x_wconf 89' lang='lat' dir='ltr'>lat.</span> <span class='ocrx_word' id='word_1_249' title='bbox 1068 3663 1202 3721; x_wconf 71' lang='lat' dir='ltr'>somma,</span> <span class='ocrx_word' id='word_1_250' title='bbox 1223 3651 1285 3711; x_wconf 88' lang='lat' dir='ltr'>etc.</span> 
     </span>
     <span class='ocr_line' id='line_1_34' title="bbox 206 3738 1312 3828; baseline 0.004 -25"><span class='ocrx_word' id='word_1_251' title='bbox 206 3738 318 3825; x_wconf 89' lang='lat' dir='ltr'>Itaque</span> <span class='ocrx_word' id='word_1_252' title='bbox 332 3742 365 3805; x_wconf 94' lang='lat' dir='ltr'>in</span> <span class='ocrx_word' id='word_1_253' title='bbox 378 3738 561 3805; x_wconf 86' lang='lat' dir='ltr'>rhotacismi</span> <span class='ocrx_word' id='word_1_254' title='bbox 576 3740 781 3825; x_wconf 90' lang='lat' dir='ltr'>inquisitione</span> <span class='ocrx_word' id='word_1_255' title='bbox 794 3760 1029 3825; x_wconf 86' lang='lat' dir='ltr'>supervacuum</span> <span class='ocrx_word' id='word_1_256' title='bbox 1046 3747 1095 3806; x_wconf 90' lang='lat' dir='ltr'>est</span> <span class='ocrx_word' id='word_1_257' title='bbox 1108 3741 1146 3806; x_wconf 91' lang='lat' dir='ltr'>de</span> <span class='ocrx_word' id='word_1_258' title='bbox 1159 3760 1177 3806; x_wconf 85' lang='lat' dir='ltr'>s</span> <span class='ocrx_word' id='word_1_259' title='bbox 1190 3741 1312 3828; x_wconf 85' lang='lat' dir='ltr'>princi-</span> 
     </span>
     <span class='ocr_line' id='line_1_35' title="bbox 161 3835 1309 3925; baseline 0.005 -25"><span class='ocrx_word' id='word_1_260' title='bbox 161 3835 225 3922; x_wconf 89' lang='lat' dir='ltr'>pali</span> <span class='ocrx_word' id='word_1_261' title='bbox 251 3838 416 3915; x_wconf 87' lang='lat' dir='ltr'>disserere,</span> <span class='ocrx_word' id='word_1_262' title='bbox 449 3843 544 3923; x_wconf 91' lang='lat' dir='ltr'>atque</span> <span class='ocrx_word' id='word_1_263' title='bbox 564 3839 640 3903; x_wconf 91' lang='lat' dir='ltr'>satis</span> <span class='ocrx_word' id='word_1_264' title='bbox 664 3839 726 3904; x_wconf 95' lang='lat' dir='ltr'>erit</span> <span class='ocrx_word' id='word_1_265' title='bbox 749 3839 902 3925; x_wconf 85' lang='lat' dir='ltr'>indagare</span> <span class='ocrx_word' id='word_1_266' title='bbox 922 3859 1002 3924; x_wconf 90' lang='lat' dir='ltr'>quas</span> <span class='ocrx_word' id='word_1_267' title='bbox 1026 3842 1216 3906; x_wconf 87' lang='lat' dir='ltr'>mutationes</span> <span class='ocrx_word' id='word_1_268' title='bbox 1238 3860 1257 3906; x_wconf 85' lang='lat' dir='ltr'>s</span> <span class='ocrx_word' id='word_1_269' title='bbox 1276 3843 1309 3906; x_wconf 90' lang='lat' dir='ltr'>in</span> 
     </span>
    </p>
   </div>
   <div class='ocr_carea' id='block_1_5' title="bbox 159 4054 1310 4517">
    <p class='ocr_par' dir='ltr' id='par_1_6' title="bbox 159 4054 1310 4517">
     <span class='ocr_line' id='line_1_36' title="bbox 194 4054 1307 4123; baseline 0.004 -15"><span class='ocrx_word' id='word_1_270' title='bbox 194 4057 215 4109; x_wconf 89' lang='grc'>1.</span> <span class='ocrx_word' id='word_1_271' title='bbox 233 4055 292 4108; x_wconf 83' lang='lat' dir='ltr'>Non</span> <span class='ocrx_word' id='word_1_272' title='bbox 307 4054 445 4107; x_wconf 82' lang='lat' dir='ltr'>continuo</span> <span class='ocrx_word' id='word_1_273' title='bbox 460 4054 489 4107; x_wconf 91' lang='lat' dir='ltr'>in</span> <span class='ocrx_word' id='word_1_274' title='bbox 505 4067 609 4107; x_wconf 84' lang='lat' dir='ltr'>vocum</span> <span class='ocrx_word' id='word_1_275' title='bbox 626 4054 766 4122; x_wconf 88' lang='lat' dir='ltr'>principio</span> <span class='ocrx_word' id='word_1_276' title='bbox 780 4070 793 4107; x_wconf 85' lang='lat' dir='ltr'>s</span> <span class='ocrx_word' id='word_1_277' title='bbox 806 4069 922 4123; x_wconf 88' lang='lat' dir='ltr'>semper</span> <span class='ocrx_word' id='word_1_278' title='bbox 935 4057 1087 4109; x_wconf 86' lang='lat' dir='ltr'>immutata</span> <span class='ocrx_word' id='word_1_279' title='bbox 1101 4061 1226 4123; x_wconf 65' lang='lat' dir='ltr'>perstem</span> <span class='ocrx_word' id='word_1_280' title='bbox 1241 4071 1307 4112; x_wconf 84' lang='lat' dir='ltr'>narn</span> 
     </span>
     <span class='ocr_line' id='line_1_37' title="bbox 160 4128 1310 4203; baseline 0.003 -15"><span class='ocrx_word' id='word_1_281' title='bbox 160 4135 288 4200; x_wconf 91' lang='lat' dir='ltr'>primum</span> <span class='ocrx_word' id='word_1_282' title='bbox 302 4140 367 4188; x_wconf 86' lang='lat' dir='ltr'>ante</span> <span class='ocrx_word' id='word_1_283' title='bbox 380 4150 414 4195; x_wconf 86' lang='lat' dir='ltr'>m,</span> <span class='ocrx_word' id='word_1_284' title='bbox 430 4151 457 4195; x_wconf 81' lang='lat' dir='ltr'>n,</span> <span class='ocrx_word' id='word_1_285' title='bbox 474 4136 542 4188; x_wconf 84' lang='lat' dir='ltr'>lvel</span> <span class='ocrx_word' id='word_1_286' title='bbox 555 4150 587 4200; x_wconf 85' lang='lat' dir='ltr'>w,</span> <span class='ocrx_word' id='word_1_287' title='bbox 602 4142 702 4202; x_wconf 82' lang='lat' dir='ltr'>postea</span> <span class='ocrx_word' id='word_1_288' title='bbox 718 4141 784 4191; x_wconf 89' lang='lat' dir='ltr'>ante</span> <span class='ocrx_word' id='word_1_289' title='bbox 800 4152 818 4202; x_wconf 83' lang='lat' dir='ltr'>p</span> <span class='ocrx_word' id='word_1_290' title='bbox 838 4141 868 4190; x_wconf 84' lang='lat' dir='ltr'>et</span> <span class='ocrx_word' id='word_1_291' title='bbox 889 4139 900 4188; x_wconf 82' lang='lat' dir='ltr'>t</span> <span class='ocrx_word' id='word_1_292' title='bbox 919 4150 981 4189; x_wconf 89' lang='lat' dir='ltr'>earn</span> <span class='ocrx_word' id='word_1_293' title='bbox 1003 4137 1033 4188; x_wconf 93' lang='lat' dir='ltr'>in</span> <span class='ocrx_word' id='word_1_294' title='bbox 1052 4128 1064 4190; x_wconf 79' lang='lat' dir='ltr'>t</span> <span class='ocrx_word' id='word_1_295' title='bbox 1083 4138 1149 4203; x_wconf 79' lang='lat' dir='ltr'>(sot)</span> <span class='ocrx_word' id='word_1_296' title='bbox 1167 4139 1310 4193; x_wconf 88' lang='lat' dir='ltr'>recentior</span> 
     </span>
     <span class='ocr_line' id='line_1_38' title="bbox 160 4214 1308 4285; baseline 0.002 -16"><span class='ocrx_word' id='word_1_297' title='bbox 160 4214 307 4269; x_wconf 84' lang='lat' dir='ltr'>teutonica</span> <span class='ocrx_word' id='word_1_298' title='bbox 323 4214 421 4281; x_wconf 81' lang='lat' dir='ltr'>lingua</span> <span class='ocrx_word' id='word_1_299' title='bbox 437 4215 578 4280; x_wconf 86' lang='lat' dir='ltr'>mutavit;</span> <span class='ocrx_word' id='word_1_300' title='bbox 602 4220 635 4270; x_wconf 85' lang='lat' dir='ltr'>ut</span> <span class='ocrx_word' id='word_1_301' title='bbox 653 4214 747 4282; x_wconf 78' lang='lat' dir='ltr'>scttof,</span> <span class='ocrx_word' id='word_1_302' title='bbox 766 4216 892 4279; x_wconf 67' lang='lat' dir='ltr'>ulmea,</span> <span class='ocrx_word' id='word_1_303' title='bbox 912 4217 1063 4278; x_wconf 66' lang='lat' dir='ltr'>manauere,</span> <span class='ocrx_word' id='word_1_304' title='bbox 1080 4217 1200 4279; x_wconf 64' lang='lat' dir='ltr'>choen,</span> <span class='ocrx_word' id='word_1_305' title='bbox 1218 4221 1308 4285; x_wconf 88' lang='lat' dir='ltr'>utque</span> 
     </span>
     <span class='ocr_line' id='line_1_39' title="bbox 159 4286 1307 4364; baseline 0.003 -18"><span class='ocrx_word' id='word_1_306' title='bbox 159 4296 295 4359; x_wconf 72' lang='lat' dir='ltr'>epraeter,</span> <span class='ocrx_word' id='word_1_307' title='bbox 309 4296 400 4347; x_wconf 79' lang='lat' dir='ltr'>steten</span> <span class='ocrx_word' id='word_1_308' title='bbox 421 4296 492 4360; x_wconf 78' lang='lat' dir='ltr'>(lege</span> <span class='ocrx_word' id='word_1_309' title='bbox 506 4286 673 4360; x_wconf 77' lang='lat' dir='ltr'>sctprectcn,</span> <span class='ocrx_word' id='word_1_310' title='bbox 689 4297 833 4359; x_wconf 67' lang='lat' dir='ltr'>sotadeo).</span> <span class='ocrx_word' id='word_1_311' title='bbox 855 4298 893 4350; x_wconf 83' lang='lat' dir='ltr'>Gt.</span> <span class='ocrx_word' id='word_1_312' title='bbox 919 4296 1074 4364; x_wconf 77' lang='lat' dir='ltr'>Westpnat</span> <span class='ocrx_word' id='word_1_313' title='bbox 1100 4297 1307 4362; x_wconf 80' lang='lat' dir='ltr'>Ptttosoplrtsct·</span> 
     </span>
     <span class='ocr_line' id='line_1_40' title="bbox 160 4373 1310 4443; baseline 0.003 -19"><span class='ocrx_word' id='word_1_314' title='bbox 160 4373 311 4426; x_wconf 72' lang='lat' dir='ltr'>terorrscoe</span> <span class='ocrx_word' id='word_1_315' title='bbox 325 4375 487 4426; x_wconf 82' lang='lat' dir='ltr'>Grommoh‘l</span> <span class='ocrx_word' id='word_1_316' title='bbox 502 4376 550 4426; x_wconf 82' lang='lat' dir='ltr'>der</span> <span class='ocrx_word' id='word_1_317' title='bbox 563 4375 703 4428; x_wconf 79' lang='lat' dir='ltr'>deutschen</span> <span class='ocrx_word' id='word_1_318' title='bbox 716 4374 841 4441; x_wconf 79' lang='lat' dir='ltr'>Sproclrc,</span> <span class='ocrx_word' id='word_1_319' title='bbox 864 4390 890 4443; x_wconf 93' lang='lat' dir='ltr'>p.</span> <span class='ocrx_word' id='word_1_320' title='bbox 913 4379 952 4430; x_wconf 82' lang='lat'>80.</span> <span class='ocrx_word' id='word_1_321' title='bbox 982 4404 1013 4414; x_wconf 92' lang='lat'><em>-</em></span> <span class='ocrx_word' id='word_1_322' title='bbox 1042 4375 1161 4440; x_wconf 84' lang='lat' dir='ltr'>Grimm,</span> <span class='ocrx_word' id='word_1_323' title='bbox 1177 4379 1310 4430; x_wconf 72' lang='lat' dir='ltr'>Dentische</span> 
     </span>
     <span class='ocr_line' id='line_1_41' title="bbox 162 4454 460 4517; baseline -0.007 -11"><span class='ocrx_word' id='word_1_324' title='bbox 162 4454 335 4514; x_wconf 78' lang='lat' dir='ltr'>Grammottd,</span> <span class='ocrx_word' id='word_1_325' title='bbox 354 4455 392 4517; x_wconf 71' lang='lat'>1⁹,</span> <span class='ocrx_word' id='word_1_326' title='bbox 407 4456 460 4507; x_wconf 79' lang='lat' dir='ltr'>itt.</span> 
     </span>
    </p>
   </div>
   <div class='ocr_carea' id='block_1_6' title="bbox 0 0 1642 5482">
    <p class='ocr_par' dir='ltr' id='par_1_7' title="bbox 0 0 1642 5482">
     <span class='ocr_line' id='line_1_42' title="bbox 0 0 1642 5482; baseline 0 1"><span class='ocrx_word' id='word_1_327' title='bbox 0 0 1642 5482; x_wconf 95' lang='lat' dir='ltr'> </span> 
     </span>
    </p>
   </div>
  </div>
 </body>
</html>
