3276 5482
866 351 1022 408 „50-

355 478 462 548 voque
475 463 626 529 feminino
639 463 787 530 vocabuli
802 470 860 545 ain,
877 464 932 532 sed
946 464 1042 530 etiam
1057 464 1091 528 in
1105 463 1246 548 genitivo
1260 467 1395 549 toeprm
1410 462 1505 550 juxta

356 560 482 648 quidem
496 566 640 649 twep-o,
657 563 746 628 vocis
760 566 896 649 twepen
910 560 996 650 (duo)
1021 566 1115 646 atque
1135 563 1168 626 in
1191 561 1333 652 genitivo
1355 575 1505 647 'reo-ro

355 659 479 724 numeri
493 659 551 744 pti
566 656 655 747 (tres)
672 661 886 727 rhotaoismns
899 660 1070 746 reperitur.

399 756 438 821 ln
462 756 595 823 frisiano
620 777 765 824 sermone
790 758 898 826 eadem
926 759 1058 825 mutatio
1082 775 1147 823 non
1171 754 1273 822 solum
1301 757 1335 821 in
1361 756 1504 842 genitivo

355 852 524 938 dativoquc
537 854 692 941 singulari
705 856 856 923 feminino
874 857 999 923 numeri
1022 860 1067 921 θ’νι
1084 852 1208 941 (unus),
1233 859 1331 939 atque
1352 854 1385 919 in
1406 854 1503 920 trium

354 971 507 1038 generum
521 953 664 1036 genitivo
676 954 904 1021 vocabulorum
919 958 1038 1020 toene·
1049 949 1136 1040 (duo)
1155 958 1186 1017 et
1206 957 1276 1034 pre
1293 949 1385 1038 (tres)
1409 971 1505 1037 repe-

354 1049 449 1128 ritur,
467 1048 632 1116 sedetiam
650 1051 734 1139 apud
755 1054 876 1121 Frisios
897 1050 1105 1120 occidentales
1127 1052 1160 1116 in
1180 1051 1378 1116 nominativo
1395 1054 1504 1116 tweer

355 1142 444 1234 (duo)
460 1166 629 1215 occurrere
643 1148 779 1216 videtur.

399 1244 498 1313 Plura
513 1246 697 1312 rhotacismi
711 1248 856 1336 exempla
879 1247 1020 1316 notanda
1036 1266 1190 1313 norrense
1209 1245 1325 1313 idioma
1339 1244 1498 1324 ostandit;

353 1344 511 1430 reperitur
524 1343 648 1430 quidem
662 1352 786 1413 tantum
805 1349 837 1413 in
856 1348 999 1433 genitivo
1016 1346 1166 1412 feminino
1189 1344 1345 1431 singulari
1364 1345 1499 1422 einer,

354 1461 451 1527 quum
475 1443 509 1507 in
532 1443 729 1510 nominativo
747 1444 922 1511 masculino
943 1445 1045 1511 ein-n
1066 1449 1162 1529 atque
1180 1444 1214 1508 in
1227 1442 1337 1509 dativo
1352 1442 1503 1509 feminino

352 1539 460 1606 littera
481 1560 503 1605 r
525 1541 769 1622 terminationis,
800 1542 904 1609 vocali
931 1542 1132 1629 praecedenti
1163 1542 1291 1628 rejecta,
1328 1541 1503 1608 litteraeve

353 1636 471 1704 radicis
498 1638 701 1705 assimiletur.
753 1638 815 1705 Sed
840 1641 867 1706 si
895 1641 954 1706 ein
980 1639 1081 1706 solum
1108 1638 1293 1705 rhotacismi
1322 1637 1501 1725 exemplum

353 1737 497 1822 praebet,
523 1737 556 1803 in
586 1738 783 1804 nominativo
810 1738 986 1805 masculino
1006 1740 1098 1804 toeir
1123 1744 1218 1823 atque
1242 1738 1275 1803 in
1303 1738 1503 1804 nominativo

352 1837 601 1924 accusativoque
627 1837 778 1904 feminino
806 1842 905 1904 tooer
927 1838 1051 1903 numeri
1065 1841 1121 1903 too
1134 1838 1314 1923 reperitur3
1339 1842 1450 1903 contra
1468 1835 1503 1900 in

352 1933 495 2019 genitivo
517 1935 691 2021 tweppj-tt
711 1954 776 2001 non
798 1935 950 2012 occurrit,
976 1936 1031 2021 qni
1053 1933 1174 2000 nullam
1195 1935 1369 2019 spirantem
1391 1940 1504 2000 extre-

352 2050 449 2109 mam,
465 2032 548 2097 siout
561 2031 690 2118 gothica
705 2031 873 2112 dialectos,
890 2034 1004 2112 habat3
1024 2031 1079 2098 sed
1093 2033 1125 2097 in
1140 2031 1249 2098 dativo
1258 2031 1352 2117 juxta
1368 2032 1502 2098 formam

353 2134 460 2208 ivam,
480 2148 562 2215 quae
582 2128 710 2216 gothico
734 2131 863 2196 toci-m
883 2139 1015 2217 prorsus
1032 2129 1213 2217 respondet,
1236 2129 1337 2195 altera
1359 2129 1500 2204 toeimr,

352 2225 547 2293 e‘toai-ms
564 2226 632 2293 siva
643 2227 819 2295 *toci-mis
833 2235 917 2307 orta,
939 2229 1108 2314 reperitur.
1135 2228 1356 2294 Rhotacismus
1377 2246 1502 2313 quoque

351 2323 385 2388 in
406 2331 485 2404 prin
511 2323 615 2412 (tres),
641 2326 724 2393 sicut
746 2328 780 2392 in
803 2327 906 2403 toeir,
931 2327 1081 2404 occurrit,
1105 2325 1136 2391 id
1164 2332 1212 2392 est
1238 2327 1273 2391 in
1303 2324 1501 2391 nominativo

351 2420 528 2488 masculino
546 2431 638 2503 pror,
666 2424 700 2490 in
722 2424 920 2491 nominativo
939 2425 1187 2510 accusativoque
1209 2424 1360 2490 feminino
1383 2423 1498 2504 prior,

351 2524 446 2604 atque
473 2519 508 2584 in
537 2519 645 2587 dativo
673 2521 850 2587 masculino
872 2527 904 2587 et
931 2528 1045 2588 neutro
1072 2522 1200 2602 moer,
1231 2542 1249 2587 e
1275 2523 1408 2603 pri-ons
1433 2521 1502 2586 sive

350 2617 500 2698 pri-onis
529 2625 615 2696 orto,
645 2618 737 2706 juxta
760 2620 873 2701 prim,
903 2640 998 2704 quam
1028 2620 1161 2686 formam
1189 2619 1374 2685 femininum
1402 2619 1501 2684 solam

351 2714 499 2782 ostendit.
516 2715 608 2782 Licet
623 2723 777 2802 quatuor
790 2717 914 2783 nullum
927 2719 1112 2784 rhotacismi
1125 2717 1306 2804 exemplum
1320 2717 1353 2782 in
1367 2718 1502 2783 caeteris

350 2815 544 2898 germanicis
563 2812 709 2881 dialectis
732 2814 889 2892 ostendat,
914 2813 1000 2881 hanc
1022 2816 1226 2881 mutationem
1248 2817 1282 2880 in
1304 2815 1501 2881 nominativo

350 2909 528 2977 masculino
555 2911 660 2995 βοήν
687 2918 782 2997 atque
809 2912 843 2977 in
869 2912 1023 2980 feminino
1049 2913 1167 2997 fiores·
1193 2913 1359 2979 norrensis
1388 2911 1500 2998 lingua

349 3014 495 3095 usurpat.

394 3109 499 3184 Quum
512 3106 670 3174 ordinales
682 3108 806 3174 numeri
821 3108 950 3175 eristen
969 3116 1001 3175 et
1015 3107 1192 3175 our-istor
1207 3107 1365 3197 (primus),
1382 3109 1502 3176 ander

351 3203 532 3292 (secundus)
548 3207 582 3271 in
595 3209 770 3272 vetustiore
784 3205 938 3274 theotisca
956 3206 1112 3285 dialect0;
1134 3208 1251 3274 endor
1269 3209 1337 3273 sive
1358 3207 1446 3273 odor
1466 3209 1502 3273 in

349 3304 523 3369 vetustiore
546 3303 710 3382 saxonica,
738 3304 823 3370 oder
846 3305 879 3369 in
893 3302 1154 3391 anglosaxonica,
1173 3317 1261 3388 oper
1281 3305 1314 3369 in
1328 3305 1502 3370 vetustiore

347 3399 492 3477 frisiana,
517 3402 669 3484 syr-sta⁴
696 3399 858 3488 (primus),
886 3421 1044 3467 annor-r
1071 3400 1254 3490 (secundus)
1279 3403 1314 3467 in
1342 3420 1501 3468 norraena

348 3496 458 3584 lingua
472 3496 531 3564 soli
546 3498 659 3564 fortem
673 3505 849 3584 sequantur
859 3499 1115 3578 declinationem,
1133 3499 1191 3566 soli
1205 3501 1301 3566 etiarn
1314 3499 1500 3564 rhotacismi

349 3594 494 3682 exempla
513 3595 697 3674 ostendunt,
715 3617 797 3684 quaa
810 3603 972 3664 caeterum
990 3596 1098 3663 eadem
1118 3617 1158 3663 ac
1176 3598 1209 3662 in
1230 3596 1384 3682 adjectivo
1401 3603 1498 3675 sunt;

349 3693 554 3778 quamobrem
567 3715 801 3780 supervacuum
815 3703 862 3761 est
876 3694 970 3781 plura
985 3694 1023 3761 de
1037 3694 1087 3760 his
1100 3694 1215 3761 dicere.
1256 3752 1257 3756 ,

649 3865 691 3936 404
704 3863 967 3950 Pronominum
990 3864 1195 3930 declinatio

392 3990 431 4055 In
445 3985 572 4073 gothica
588 3985 698 4074 lingua
713 3991 846 4073 primae,
862 3988 1019 4055 secundae
1032 3995 1065 4055 et
1078 3990 1194 4055 tertiae
1211 4008 1366 4075 personae
1378 4007 1499 4075 prono-

348 4087 446 4162 mina,
460 4105 543 4172 quae
553 4085 653 4151 solam
663 4087 696 4151 in
711 4087 813 4152 tribus
824 4087 994 4172 generibus
1005 4087 1141 4153 formam
1151 4085 1280 4165 habent,
1295 4088 1327 4152 in
1341 4085 1498 4172 singulari

348 4182 528 4270 pluraliquc
545 4188 643 4269 atque
664 4182 760 4261 duali,
778 4184 825 4250 sic
838 4181 1064 4252 declinantur²
1081 4206 1088 4250 :

382 4421 402 4472 t.
419 4419 537 4483 domm,
553 4420 684 4474 neumate
698 4421 872 4484 mammasti,
886 4420 937 4485 11⁹,
951 4421 1065 4475 moeso.
1080 4447 1110 4458 -
1123 4420 1232 4487 seyne,
1248 4420 1285 4475 id.

381 4502 404 4552 2.
423 4499 531 4564 Ulsslas,
546 4500 584 4554 id.
601 4503 656 4554 332.
