3276 5482
753 439 910 496 ..pr-

244 550 328 638 quod
352 557 489 639 tempus,
517 569 576 637 pro
602 551 806 639 conjunctivo
833 556 990 638 praesente
1018 550 1069 618 vel
1091 549 1256 618 indicativi
1281 550 1387 618 futuro

243 655 444 737 usurpatum,
461 647 627 735 adjunctae
641 650 788 730 themati,
806 683 843 697 -
858 654 881 714 ci
895 647 947 713 vel
961 648 982 713 ἔ
995 649 1124 725 extrita,
1143 656 1156 715 t
1175 656 1282 716 autem
1298 669 1391 736 pers-

246 754 349 825 tante,
365 785 405 798 —
418 745 572 814 flexiones

444 844 561 933 (a)e-m
619 851 671 913 ee
728 848 777 914 et
836 851 943 912 e-mus
1002 845 1080 913 etis
1136 852 1191 912 ent

244 944 393 1012 formant.
409 942 448 1010 In
461 944 601 1031 perlecto
615 963 751 1031 quoque,
771 944 855 1031 quod
868 945 902 1009 in

442 1047 455 1108 i
618 1043 688 1110 i-sti
727 1043 772 1110 i-t
834 1042 937 1109 i-mus
999 1042 1085 1109 istis
1132 1042 1246 1108 erunt

244 1141 370 1218 desinit,
397 1159 493 1227 quum
516 1140 606 1208 nulla
627 1161 645 1208 s
670 1141 773 1209 media
795 1142 878 1208 inter
900 1140 1037 1218 vocales,
1064 1139 1178 1207 saltem
1197 1142 1231 1205 in
1251 1141 1390 1227 quinque

244 1241 354 1329 primis
376 1238 530 1323 personis
554 1239 744 1325 reperiatur,
772 1238 894 1306 nullum
920 1259 1044 1325 quoque
1069 1240 1103 1304 in
1127 1238 1176 1305 his
1202 1239 1389 1305 rhotacismi

244 1334 425 1421 exemplum
438 1337 593 1414 occurrit;
609 1343 722 1403 contra
730 1339 826 1403 tertia
835 1336 969 1424 pluralis
981 1357 1127 1423 persona,
1144 1339 1177 1401 in
1193 1357 1255 1423 qna
1267 1343 1389 1403 er-unt

244 1456 303 1524 pro
318 1439 435 1502 cs-urtt
454 1431 505 1522 [cl.
524 1455 587 1500 scr.
605 1454 659 1512 ue,
677 1456 726 1522 gr.
745 1434 901 1525 (ele-avtrtl
914 1436 1041 1515 dicitur,
1058 1455 1075 1502 s
1095 1438 1127 1501 in
1142 1454 1174 1510 r,
1192 1439 1306 1512 mutat,
1328 1440 1386 1501 ut:

341 1534 537 1618 lep-er-uat
551 1552 608 1618 pro
618 1532 824 1619 *leg—es-unt,
841 1556 890 1622 gr.
907 1532 1023 1609 ἔλεξ-αν
1037 1553 1094 1621 pro
1106 1532 1297 1610 *etse-ee.

289 1629 315 1718 ε)
330 1628 499 1694 Indicativi
513 1629 732 1714 imperfectum
745 1632 885 1697 omnium
895 1632 1065 1696 verborum
1078 1636 1110 1695 et
1123 1629 1267 1697 futurum
1280 1649 1390 1695 eorum

243 1746 379 1816 quorum
401 1724 506 1790 thema
531 1727 565 1791 in
592 1731 628 1805 et,
657 1733 677 1791 ἑ
701 1727 827 1807 desinit,
857 1747 955 1814 quum
975 1728 1107 1793 themati
1133 1746 1283 1813 praesens
1308 1729 1390 1812 furo

246 1823 362 1915 [(f)vo‚
383 1818 439 1901 bc]
462 1821 515 1888 vel
534 1823 752 1911 imperfectum
769 1828 891 1911 fre-am
909 1823 1059 1912 [(s)oam‚
1077 1823 1168 1914 bam]
1197 1825 1286 1891 verbi
1305 1825 1390 1908 fre-o

244 1921 321 2009 (scr.
341 1921 437 1997 bhu-,
462 1940 512 2007 gr.
538 1919 624 2008 φὺ-ω)
646 1922 814 2009 adjungat,
839 1924 929 1989 nulla
949 1943 967 1988 s
991 1922 1093 1988 media
1115 1922 1246 2009 ideoque
1268 1923 1391 1990 nullum

243 2020 427 2087 rhotacismi
442 2019 620 2106 exemplum
632 2020 663 2084 in
677 2023 726 2087 his
740 2020 934 2107 temporibus
944 2021 1104 2107 reperitur
1115 2018 1139 2084 ¹.
1158 2022 1239 2087 Item
1252 2023 1286 2086 in
1300 2020 1391 2108 plus-

244 2117 480 2206 quamperfecto
494 2118 698 2204 conjunctivi,
712 2119 796 2205 qnod
806 2119 1001 2205 conjunctivi
1019 2120 1200 2206 imperfecto
1213 2120 1303 2184 verbi
1316 2137 1391 2185 esse

243 2216 375 2284 themati
396 2236 467 2282 cum
491 2216 543 2281 vel
561 2218 629 2282 sine
654 2215 762 2282 littera
782 2214 856 2303 obe)
879 2215 1027 2303 adjuncto
1048 2219 1214 2294 formatur,
1242 2223 1337 2302 atque
1359 2218 1391 2282 in

244 2314 395 2381 infinitivi
410 2314 593 2399 praeterite,
614 2312 698 2399 quod
715 2335 733 2379 e
752 2315 893 2380 themate
906 2320 939 2381 et
959 2313 1115 2381 infinitivo
1129 2315 1289 2400 praesenti
1302 2314 1390 2401 ejus-

244 2411 314 2478 dem
327 2411 417 2476 verbi
438 2429 513 2477 esre
530 2417 668 2476 constat.
691 2409 751 2476 Sed
766 2413 799 2476 in
813 2414 947 2479 caeteris
958 2411 1121 2478 indicativi
1133 2412 1391 2499 conjunctivique

244 2509 438 2596 temporibus
449 2506 614 2585 derivatis,
630 2508 662 2572 id
676 2515 724 2574 est
738 2509 772 2573 in
785 2510 979 2596 conjunctivi
992 2508 1130 2594 perlecto
1144 2514 1239 2594 atque
1257 2510 1291 2574 in
1304 2507 1390 2574 indi-

243 2607 340 2673 cativi
363 2604 669 2691 plusquamperfecto
691 2607 862 2693 futuroque
884 2608 1067 2691 praeterito,
1093 2609 1126 2671 in
1155 2606 1268 2692 quibus
1299 2607 1389 2671 verbi

243 2723 319 2771 esse
346 2721 497 2790 praesens
525 2702 720 2787 conjunctivi
748 2702 877 2790 (obita,
915 2703 1141 2790 indicativique
1171 2703 1389 2791 imperfectum

243 2802 357 2869 *eram
379 2800 429 2866 vel
451 2799 591 2866 futurum
612 2799 686 2867 *eso
701 2802 834 2867 themati
854 2800 1049 2888 adjungitur,
1069 2801 1281 2869 rhotacismus
1294 2821 1390 2869 usur-
1518 2842 1528 2863 t

242 2905 349 2989 patur,
366 2905 426 2966 ut:

412 3010 415 3016 ·
495 2986 672 3075 te'p-em'm,
721 2988 908 3073 lep-eram,
959 2984 1132 3073 lep-eret

286 3085 314 3174 ζ)
330 3088 368 3153 In
388 3085 485 3151 activi
507 3085 740 3171 conjugatione,
758 3083 941 3172 imperfecto
959 3083 1152 3170 conjunctivi
1172 3089 1266 3170 atque
1279 3083 1389 3151 infini-

242 3186 309 3251 tivo
323 3184 484 3272 praesenti
504 3184 659 3270 exceptis,
682 3180 894 3249 rhotacismus
911 3188 1035 3248 tantum
1055 3182 1088 3246 in
1103 3180 1252 3249 derivatis
1266 3189 1389 3270 tempo-

241 3281 330 3348 ribus
344 3280 501 3366 reperitur
511 3300 519 3357 ;
531 3286 645 3346 contra
654 3279 689 3344 in
700 3279 821 3367 passivi
833 3279 1057 3367 conjugatione
1070 3277 1172 3345 solum
1186 3280 1219 3346 in
1228 3281 1389 3368 primariis

241 3379 435 3466 temporibus
442 3397 526 3443 nora
533 3377 626 3464 hujus
635 3377 818 3444 mutationis
826 3377 969 3463 exempla
982 3379 1203 3456 inveniuntur,
1223 3399 1320 3464 quum
1335 3399 1388 3445 se-

240 3476 393 3546 cundaria
407 3496 425 3540 e
438 3475 608 3562 participio
624 3475 775 3561 verbique
786 3493 862 3541 erse
879 3474 1072 3562 temporibus
1085 3473 1281 3540 deriventur.
1300 3477 1385 3541 Pas-

241 3576 302 3641 sivi
324 3580 432 3640 autem
455 3574 488 3637 in
510 3573 671 3659 primariis
688 3572 882 3658 temporibus
902 3572 1102 3659 conjugatio,
1130 3592 1170 3638 ne
1190 3571 1227 3637 de
1248 3573 1387 3639 secunda

241 3670 372 3760 pluralis
386 3690 521 3757 persona
536 3670 660 3759 loquar,
677 3670 802 3756 syllaba
820 3690 858 3736 se
877 3673 945 3737 sine
963 3669 1068 3737 vocali
1088 3669 1191 3735 media
1209 3690 1350 3736 seucum
1373 3673 1388 3737 i

241 3768 293 3836 vel
305 3789 330 3835 u
342 3765 472 3835 flexioni
485 3769 583 3835 activi
595 3768 744 3854 adjuncta
758 3767 923 3847 formatur,
944 3768 1004 3833 bac
1019 3764 1155 3832 flexione
1169 3786 1233 3832 non
1247 3774 1384 3849 mutata,

241 3887 338 3955 quum
352 3868 385 3933 in
400 3866 541 3933 vocalem
556 3865 681 3942 desinit,
699 3867 887 3932 consonanti
901 3874 1020 3933 autem
1030 3873 1174 3932 extrema
1195 3867 1314 3932 extrita
1335 3868 1388 3935 vel

241 3972 414 4054 perstante,
437 3967 464 4031 si
485 3985 523 4031 ea
542 3967 588 4030 ita
611 3967 809 4043 terminetur,
833 3964 899 4042 sed,
930 4000 974 4016 -
1001 3965 1028 4031 si
1051 3962 1223 4030 secundam
1246 3966 1386 4031 omnium

173 4123 175 4127 ,
242 4070 417 4149 temporum
439 4083 605 4149 personam
628 4063 823 4149 singularem
843 4065 986 4149 excipias
994 4069 1016 4141 ³,
1043 4082 1175 4147 quums
1196 4064 1295 4130 activi
1322 4083 1386 4130 non

241 4167 373 4248 perstat,
391 4196 432 4210 -
446 4181 466 4226 e
478 4159 623 4246 syllabae
635 4180 673 4226 ee
685 4180 809 4248 semper
822 4161 998 4238 excidente,
1016 4166 1052 4226 ut
1066 4179 1074 4223 :

271 4264 397 4330 lego-ue),
409 4264 535 4330 legi(e)·se
547 4265 587 4315 vel
601 4263 755 4330 legis-iste),
767 4264 929 4329 legit-uae),
943 4263 1143 4329 immutet-sm),
1159 4264 1351 4330 legunt-ueto),

273 4425 294 4476 t.
312 4423 350 4475 ct.
365 4423 537 4485 schleichcr,
553 4423 590 4476 id.
605 4424 660 4478 809.

270 4504 294 4555 t.
312 4499 350 4556 tls.
364 4503 519 4569 westpnat
537 4502 574 4555 id.
594 4505 631 4557 19.

270 4584 293 4635 3.
311 4583 441 4638 secunda
453 4595 569 4650 quoque
588 4583 748 4650 imperativi
770 4595 892 4650 persona
913 4583 1131 4650 singularitem
1153 4584 1331 4651 excipienda,
1353 4584 1384 4639 in
