3276 5482
674 354 833 413 ...37-

317 474 383 556 got.
402 485 483 555 ¹gras
661 485 753 552 angs.
770 465 859 552 ydus
1037 465 1079 530 tr.
1093 483 1177 553 yers

217 567 385 633 Invenitur
407 585 532 652 quoque
554 583 648 651 angs.
676 565 760 631 Ιιονε
779 561 916 652 (equus),
953 582 1052 630 cerse
1082 560 1319 651 (nasturtium);

172 663 227 731 sed
242 665 276 730 in
289 665 340 731 his
353 663 518 731 vocabulis
530 682 547 729 ε
560 682 619 749 pro
635 681 670 729 ss
684 669 871 748 usurpatur.
888 661 937 728 Cf.
953 667 1032 728 teut.
1049 660 1132 727 Ιινοε
1146 680 1205 747 pra
1219 660 1321 729 Ιινοεε

172 769 204 832 et
217 761 371 831 carasca.

214 861 382 928 Narraena
395 861 492 927 etiam
506 857 540 923 in
554 857 691 926 dialecto
713 878 751 926 νε
765 859 958 946 conjunctio,
976 878 1058 946 quae
1071 856 1198 944 quidem
1215 858 1321 923 rarior

172 967 231 1039 est,
248 979 341 1045 saepe
355 957 496 1046 perstitit
509 955 562 1021 vel
576 956 684 1035 etiam,
701 976 720 1024 ε
734 957 870 1044 spiranti
885 956 1018 1024 aemula
1036 976 1056 1022 ν
1075 954 1261 1031 assimilata,
1288 955 1321 1020 in

172 1076 208 1126 εε
223 1057 362 1134 transiit,
376 1062 437 1122 ut:

373 1152 471 1220 hersi
486 1151 607 1242 (ursus)
921 1149 1123 1240 juxtadessi

370 1253 450 1336 fors
466 1247 691 1339 (νειταῤῥάκτης)
1027 1248 1104 1331 foss

369 1348 624 1436 aiarsi(caput)
1023 1345 1136 1412 diasat

368 1455 459 1527 pura
472 1443 591 1534 (gigas)
1021 1453 1109 1525 pass

214 1543 252 1606 In
282 1541 510 1609 recentioribus
538 1543 749 1608 monumentis
771 1561 791 1608 a
814 1562 937 1629 quoque
960 1541 1117 1608 inlocum
1139 1559 1180 1608 νε
1200 1539 1321 1608 substi-

171 1641 285 1719 tuitur,
301 1647 364 1707 ut:

370 1743 499 1806 staeutr
514 1737 700 1827 (maximus)
944 1742 1168 1826 prostoerstu

369 1842 468 1905 aazia
483 1836 664 1926 (pessimus)
1017 1842 1137 1904 aerstr

215 1938 366 2003 Attamen
388 1937 569 2024 conjunctio
591 1958 630 2003 νε
652 1937 781 2025 gothica
802 1937 836 2003 in
858 1935 1015 2003 vairsiza
1038 1933 1164 2024 (pejor),
1180 1955 1262 2022 quae
1287 1937 1321 2002 in

171 2036 304 2101 caeteris
315 2034 458 2102 dialectis
470 2036 636 2102 immutata
647 2041 780 2123 perstat,
794 2036 829 2102 in
837 2053 995 2101 norraena
1004 2034 1038 2099 iu
1047 2052 1091 2098 νν
1099 2039 1253 2112 mutatur,
1264 2039 1317 2099 ut:

170 2137 236 2219 got.
259 2131 407 2210 vairsiza,
428 2138 508 2198 tent.
530 2134 658 2211 virsiro,
683 2153 756 2200 sax.
779 2135 877 2212 virsa,
901 2152 994 2219 angs.
1012 2149 1125 2217 vyrsa‚
1147 2151 1180 2196 n.
1200 2131 1298 2198 uerri
1310 2151 1318 2209 ;

170 2248 209 2295 νε
235 2228 378 2296 vocabuli
398 2239 554 2311 paursus
578 2230 743 2318 (torridus)
767 2232 801 2296 in
821 2249 864 2297 νν
885 2231 981 2296 etiam
1003 2232 1037 2295 in
1054 2249 1212 2296 norraeno
1230 2239 1321 2310 pura

170 2332 329 2404 mutatum
349 2326 405 2394 sed
430 2327 464 2392 in
486 2347 645 2394 namucno
667 2329 784 2407 thara,
808 2329 891 2394 sicut
909 2329 943 2393 in
958 2327 1092 2393 frisiano
1104 2327 1223 2407 thura,
1240 2347 1321 2394 con-

167 2423 291 2511 junctio
302 2444 340 2491 νε
354 2423 396 2490 ad
409 2424 580 2491 tremulam
597 2446 619 2490 ν
632 2424 763 2493 reducta
779 2431 828 2492 est
840 2421 864 2491 ¹.

214 2522 319 2598 Quum
336 2529 444 2590 autem
464 2543 485 2588 ν
505 2525 660 2609 sequitur,
683 2543 701 2590 s
722 2544 848 2611 quoque
867 2525 901 2591 in
919 2543 942 2589 ν
954 2524 1093 2590 transire
1104 2527 1220 2609 potest,
1237 2523 1321 2591 utin

170 2621 330 2687 teutonico
352 2621 480 2688 Werra
493 2643 551 2710 pro
572 2620 761 2711 Wes(e)ua.

214 2715 405 2805 Conjunctio
422 2720 574 2807 spirantis
592 2739 610 2786 s
625 2716 671 2807 (a)
686 2740 757 2786 cum
772 2737 888 2786 sonora
903 2719 1079 2785 dmaxime
1092 2717 1231 2785 notanda
1250 2724 1318 2798 est;

170 2815 204 2882 in
217 2835 255 2882 ea
267 2816 394 2903 gothica
410 2816 564 2883 dialectus
584 2837 601 2884 ε
617 2819 651 2883 in
668 2823 817 2896 amutal,
835 2823 979 2884 caeterae
990 2823 1098 2883 autem
1109 2815 1236 2882 dialecti
1250 2836 1319 2881 mm

171 2912 205 2979 iu
225 2932 246 2977 ν
264 2920 408 2992 vertunt,
434 2921 568 3002 excepta
586 2915 710 3001 quidem
729 2934 887 2981 norraena
909 2913 1029 3002 lingua,
1053 2933 1135 2999 quae
1153 2934 1171 2980 ε
1189 2914 1320 3000 spiran-

169 3018 233 3078 tem
255 3017 362 3078 mutae
385 3013 410 3079 d
430 3011 599 3090 assimilat,
627 3013 709 3079 sicut
741 3014 775 3077 in
797 3031 930 3078 rann-u
952 3031 970 3078 s
992 3012 1137 3098 sequenti
1162 3031 1187 3077 a
1208 3011 1320 3078 similis

169 3110 253 3177 facta
270 3115 329 3186 est,
344 3116 404 3176 ut:
912 3115 918 3127 ‘

239 3212 307 3293 got.
453 3213 532 3273 teut.
685 3227 756 3273 sax.
895 3226 990 3294 angs.
1171 3226 1243 3273 nor.

204 3302 331 3394 (bruzd)
436 3310 545 3390 prout
696 3341 734 3354 —
887 3304 1000 3372 drard
1128 3304 1284 3373 haudd-r

204 3402 284 3490 gazd
438 3408 523 3490 yart
693 3438 735 3451 -
927 3439 969 3453 -
1125 3405 1265 3490 cudda

203 3497 287 3566 huzd
437 3501 518 3567 tort
650 3501 740 3569 dard
889 3501 982 3567 dard
1126 3502 1263 3569 dudd-r

204 3597 306 3664 mizdd
435 3597 531 3664 miata
647 3598 739 3665 msda
885 3599 1010 3666 meord
1173 3636 1218 3652 -

204 3695 300 3763 razda
432 3700 536 3762 νανία
646 3698 758 3764 reord
883 3697 995 3763 reard
1128 3696 1241 3764 raald-

207 3791 319 3882 (uzd)²
433 3798 491 3860 ort
644 3795 716 3860 ard
883 3795 975 3861 eard
1127 3795 1242 3861 odd-r

213 3890 253 3957 In
270 3890 548 3978 conjunctionibus
571 3910 610 3958 νε
629 3896 663 3957 et
681 3893 724 3959 sd
742 3891 868 3959 litterae
887 3912 905 3959 ε
926 3893 960 3958 in
974 3912 997 3958 ν
1010 3893 1156 3969 mutati0,
1178 3899 1213 3958 ut
1227 3893 1319 3958 vide-

169 4010 251 4070 mus,
277 3991 309 4055 in
326 3989 488 4077 plerisque
511 3992 706 4077 germanicis
728 3989 872 4058 dialectis
893 3991 1072 4078 reperitur3
1096 3991 1179 4058 inter
1192 3990 1319 4058 vocales

204 4267 224 4316 t.
242 4263 273 4316 li.
290 4262 398 4330 Bryne,
412 4261 552 4314 Laut-uad
565 4261 763 4313 l'leoetauslehre
772 4261 818 4313 der
829 4263 1067 4326 altaermcutsclvea
1077 4263 1203 4325 matera,
1225 4278 1251 4330 p.
1265 4265 1318 4318 139.

170 4372 202 4382 -
217 4342 367 4406 wimmer,
382 4343 568 4395 Altuordtsclte
581 4342 756 4404 Grammatlu,
773 4356 799 4409 p.
815 4344 854 4395 23.

201 4426 226 4477 i.
243 4426 386 4489 Punctum,
400 4425 517 4482 neuim,
530 4424 677 4484 thesaurus,
689 4424 781 4490 μισθός,
794 4425 873 4492 ῥητόν,
885 4427 980 4490 cuspu.
996 4423 1034 4477 cf.
1044 4423 1161 4488 Grimm,
1174 4423 1319 4479 wemma

170 4505 218 4559 dar
230 4505 373 4558 deutsclteu
386 4504 508 4572 sprauto,
527 4505 563 4569 li,
579 4507 634 4558 220.
649 4533 680 4544 -
699 4504 735 4558 ld.
753 4502 882 4559 Deutsete
895 4506 1070 4568 Grammattlu,
1085 4505 1124 4571 1²,
1139 4509 1179 4572 55,
1192 4508 1248 4571 267,
1262 4510 1316 4561 etc.
