3276 5482
205 505 239 571 in
259 535 274 596 ρ
294 508 451 570 mutatum
470 502 505 570 in
524 502 635 587 δπόραι,
655 502 814 586 ἄ·ρχουριν,
831 502 996 587 apocopa,
1015 502 1219 587 ποραδοίνωριν
1239 509 1348 573 osten-

205 600 282 669 dit¹.
299 601 388 670 Haec
401 603 535 670 mutatio
548 604 644 670 etiam
653 607 728 669 ante
738 607 964 668 consonantem
973 599 1140 688 qnamdam
1150 601 1186 672 in
1197 603 1348 688 Πελαργος

205 705 238 768 et
255 703 367 784 θέρμος
387 720 445 788 pro
462 701 586 779 θέσμιος,
608 700 692 788 apud
714 700 804 768 Elios
824 698 981 787 Apollinis
1000 702 1198 786 cognomine,
1225 701 1348 788 reperi·

205 799 295 868 tur&

247 897 388 966 Lacones
410 896 536 986 qnidam
557 928 575 970 σ
598 897 634 963 in
654 904 823 987 pmutasse
847 897 1046 985 grammatici
1068 917 1134 965 non
1157 916 1348 966 commemo-

204 1004 291 1077 rant,
312 1016 365 1063 res
384 1002 494 1063 tamen
516 996 693 1087 certissima
715 1001 774 1074 est,
802 1015 985 1084 quanquam
999 998 1299 1084 camutationcque
1312 999 1347 1065 in

203 1095 306 1163 titulis
319 1093 497 1173 Laconicis,
513 1095 569 1181 qni
582 1099 746 1163 caetorum
765 1113 876 1160 omnes
894 1094 1080 1162 recentioris
1093 1091 1245 1181 temporis
1257 1101 1344 1173 sunt,

205 1210 338 1278 usquam
358 1192 529 1279 reperitur,
549 1212 652 1281 neque
671 1191 755 1278 apnd
775 1191 961 1259 Alcmanem
987 1210 1089 1279 neque
1110 1192 1144 1258 in
1168 1192 1347 1278 Lisystrata

203 1296 332 1379 praeter
341 1291 471 1357 unicum
489 1291 670 1378 exemplum
689 1312 722 1357 v.
744 1289 810 1358 988
829 1291 953 1374 παλαιόρ
971 1290 1025 1357 rel
1045 1291 1151 1378 potius
1171 1292 1291 1374 παλεορ,
1311 1298 1349 1359 ut

204 1388 344 1455 restituit
365 1384 579 1456 Dindorflns³.
604 1388 725 1455 Contra
748 1387 848 1455 multa
866 1389 935 1478 ejus
951 1387 1190 1476 depravationis
1203 1388 1347 1476 exempla

204 1487 244 1553 ab
253 1487 414 1572 Hesychio
423 1486 540 1553 tradita
549 1494 635 1566 sunt,
647 1506 709 1572 qua
719 1483 856 1572 quidem,
870 1493 905 1554 nt
913 1485 1053 1566 ridetur,
1065 1486 1168 1574 sigma
1177 1485 1230 1553 vel
1239 1490 1348 1554 extre-

203 1605 289 1653 mum
303 1584 355 1651 vel
367 1585 504 1652 medium
517 1585 692 1654 adulterari
704 1588 807 1673 potest
818 1583 845 1652 ⁴.
891 1636 894 1641 -

249 1683 283 1750 1⁰
296 1682 336 1749 In
349 1683 502 1750 extremis
516 1683 647 1751 vocibus
660 1702 731 1750 eam
742 1681 865 1769 patitur

247 1779 284 1868 ο)
296 1779 522 1849 Nominativus
535 1778 704 1869 singularis
722 1780 844 1867 primae
855 1777 1075 1847 declinationis
1093 1778 1127 1847 in
1146 1777 1346 1865 sequentibus

205 1879 382 1967 exemplis:

361 1977 550 2061 ἐπιγελαστάρ
567 2001 574 2015 ·
597 1977 802 2058 διατογελῶν.

360 2076 511 2159 καλλίαρ·
533 2075 662 2154 πίθηκος.

249 2170 284 2260 δ)
299 2172 526 2242 Nominatirus
537 2174 709 2262 singularis
722 2172 881 2242 secundae
894 2170 1114 2241 declinationis
1134 2173 1168 2239 in
1185 2169 1235 2238 his
1247 2190 1347 2242 roca·

363 2369 523 2454 ἀδελοφήρ·
545 2368 675 2452 ἀδελφός.

261 2483 264 2488 “
363 2467 474 2552 accep·
497 2467 592 2543 ἀοιδς.

287 2626 289 2630 ,
362 2566 501 2650 βουαργόρ
518 2587 526 2604 ·
549 2565 724 2648 ἀγελάρχης,
739 2566 755 2630 ὃ
768 2573 820 2644 τῆς
834 2565 943 2647 ἀγέλης
957 2564 1052 2650 ἄρχων
1065 2571 1143 2642 παῖς.

360 2671 474 2746 γῶνορ·
495 2665 594 2744 γωνία.

360 2761 512 2846 δαιδῶχορ,
527 2777 582 2841 pro
594 2761 732 2844 δᾳδοῦχος
748 2783 755 2799 ·
778 2761 892 2840 λυχνία.

360 2860 482 2944 πέλανορ
497 2881 506 2897 ·
527 2860 559 2922 τδ
574 2859 776 2943 τετράχαλκον.

361 2960 466 3040 πίοορ·
487 2958 578 3033 πίθος.

361 3057 485 3139 σιολόρ·
507 3056 600 3130 dalila.

360 3151 492 3235 ctattp·
514 3155 618 3228 θίασος.

361 3253 420 3335 stop
438 3273 446 3290 ·
461 3252 534 3326 θεὸς.

246 3348 277 3438 β)
290 3351 516 3420 Nominativus
528 3348 699 3439 singularis
712 3349 826 3417 tertiae
840 3347 1073 3428 declinationis,
1089 3356 1149 3416 ut:
1233 3352 1237 3359 '

361 3455 459 3538 ttdp·
480 3453 551 3534 ἠώς.

359 3553 515 3637 Αἰγλάηρ·
537 3555 553 3616 δ
572 3550 748 3630 Ἀσκληπιός.

361 3650 539 3733 ὼολανοίρ·
563 3649 747 3726 ἀκανθυλλῐς.

360 3747 534 3830 ἀντιόολὴρ·
556 3749 686 3832 στρωτὴρ
702 3749 808 3831 μικρός.
885 3772 887 3775 ·

360 3845 471 3927 ἔπορ’
493 3843 615 3923 ὕοπληξ.

360 3946 471 4025 tarde·
494 3947 598 4029 atter·

360 4041 455 4126 δάρειρ
471 4063 479 4079 ·
500 4041 555 4106 ἀπο
568 4047 617 4105 τοῦ
633 4042 759 4122 μεγάλου
773 4040 912 4106 δακτύλου
926 4035 971 4106 ἐπὶ
986 4045 1035 4107 τὸν
1051 4044 1314 4130 perspicaciorum.

234 4289 256 4340 1.
271 4287 407 4342 Monotes
419 4288 452 4340 de
467 4288 496 4341 lo
510 4289 610 4341 Soctctd
625 4289 657 4342 da
671 4289 847 4358 ltncctaupae,
861 4289 894 4354 ll,
909 4291 965 4344 232.

232 4369 257 4420 2.
272 4369 394 4434 Atrans,
412 4367 451 4422 id.
465 4369 485 4430 l.
501 4371 558 4423 227.

233 4450 255 4502 3.
272 4449 394 4514 Atreus,
408 4448 447 4502 id.
462 4448 496 4512 11,
509 4451 549 4502 71.

233 4529 253 4582 l.
270 4530 576 4596 defetiscentiam
589 4530 692 4584 lcctcon
706 4544 763 4585 rec.
779 4531 812 4585 ll.
827 4530 963 4595 Schmidt,
981 4533 1049 4590 litt.
