3276 5482
671 421 708 432 -
730 392 769 454 39
791 422 830 433 ..

240 505 383 589 antejan
443 504 574 590 wtsjan
632 504 764 572 wtsian
807 504 935 571 wistan
1033 541 1073 554 -
1176 512 1256 572 visa

239 599 379 669 venem
437 611 549 670 wisan
630 609 742 670 wtso'n
850 640 892 652 -
1031 637 1073 659 «-
1255 609 1316 670 etc.

213 701 360 770 Sautem
375 699 477 767 media
492 703 525 768 in
536 722 557 767 ν
570 708 713 768 mutatur
727 703 760 767 in
774 701 979 785 sequentihus
996 698 1160 766 vocabulis
1176 720 1184 766 :

237 800 306 865 ais-
439 804 500 865 e're
630 805 696 866 ᾱνα
805 803 852 863 dr
986 803 1049 864 e're

238 917 335 965 asans
437 917 527 967 aren
647 932 688 950 -
805 932 849 948 -
998 933 1041 947 -

239 1014 316 1064 auso
438 1003 505 1063 dra
631 1002 695 1061 ὁνα
804 1012 890 1060 edre
987 999 1052 1059 dre

238 1092 308 1158 basi
432 1093 518 1178 peri
643 1127 688 1151 .—
803 1091 897 1157 berte
986 1091 1041 1158 bes

241 1190 368 1265 eisarna
436 1195 526 1257 isann
627 1195 718 1258 isarn
806 1190 886 1254 iren
987 1190 1072 1255 isern
1179 1189 1185 1202 '

236 1283 344 1373 (grus)
438 1293 560 1374 grisen
629 1287 738 1373 yrum'
803 1305 912 1371 yuyre
1007 1321 1052 1337 -

278 1418 322 1437 -
439 1385 518 1451 haso
631 1384 724 1449 dura
808 1382 898 1449 tura
1009 1418 1053 1437 ·-

233 1481 369 1568 hausjan
438 1483 573 1567 terjan
629 1482 762 1548 Ιιὸνεαν
806 1480 920 1549 heran
987 1481 1077 1547 lte'ra

233 1579 351 1666 hazjan
493 1615 534 1644 η
673 1613 715 1628 -
804 1578 934 1652 iterius
1012 1615 1051 1629 —

234 1675 357 1763 hrisjan
439 1678 589 1758 marjan
634 1675 783 1759 dro'rjan
809 1676 942 1745 Ιινενανι
1010 1710 1054 1729 -

233 1772 349 1860 laisjan
439 1776 543 1842 taran
630 1774 749 1839 leriae
805 1772 933 1839 laeran
988 1774 1066 1839 tara

235 1870 372 1959 nasjan*
439 1873 572 1959 nerjan
632 1890 769 1937 narean
813 1869 937 1936 serien
988 1890 1079 1937 nera
1199 1895 1241 1920 -·

212 1970 300 2042 infra
315 1970 502 2044 videbimus,
520 1968 670 2057 quamde
685 1967 908 2055 conjugatione
927 1974 1051 2053 agetur,
1079 1966 1224 2054 linguam
1239 1987 1323 2034 non-

169 2087 335 2153 nunquam
356 2069 440 2134 inter
465 2087 482 2133 s
502 2073 534 2133 et
559 2088 580 2132 r
603 2068 696 2153 quasi
720 2067 907 2143 haesitasse,
932 2069 1029 2150 atque
1046 2066 1092 2138 eis
1112 2084 1214 2151 aeque
1232 2084 1323 2134 usam

168 2165 283 2243 fnisse3
308 2171 345 2230 ut
367 2171 445 2235 tent.
468 2165 600 2250 merjan
623 2171 655 2231 et
679 2164 787 2234 nisan
814 2160 982 2250 (salvare),
1005 2162 1131 2229 diesen
1152 2171 1184 2230 et
1206 2162 1323 2229 latren

173 2259 329 2350 (eligere),
347 2268 409 2329 ete.
426 2263 592 2330 Interdum
605 2263 701 2329 etiam
713 2282 731 2328 s
744 2260 797 2327 diu
808 2266 938 2328 servata
953 2259 1081 2327 tandem
1095 2261 1128 2327 in
1140 2281 1161 2327 ν
1173 2262 1319 2327 transiit:

169 2360 215 2425 sie
240 2361 389 2444 freosan
414 2382 448 2427 v.
474 2367 554 2428 tout.
578 2361 721 2446 frieren
748 2380 776 2425 r.
810 2365 904 2436 tent,
931 2363 1027 2445 atque
1052 2357 1162 2442 je'stm
1186 2359 1323 2446 ydltren

169 2457 296 2532 tandem
307 2458 501 2535 estfactum.
518 2460 652 2537 Contra,
675 2477 696 2522 ν
715 2456 844 2544 rejecta,
859 2455 970 2543 lingua
985 2475 1215 2543 nonnunquam
1231 2456 1324 2521 deni-

170 2574 259 2642 ques
273 2555 426 2641 praetulit
444 2578 451 2622 :
467 2557 514 2627 sic
529 2555 640 2630 lesan.
660 2554 743 2641 quod
758 2555 792 2620 in
808 2552 911 2621 media
925 2554 1079 2631 theotisca
1093 2554 1203 2640 lingua
1220 2556 1322 2620 lairen

171 2651 345 2738 (tegimus),
370 2654 466 2720 laere
482 2653 655 2741 (legerim),
675 2655 817 2739 yeierett
842 2651 893 2718 vel
910 2652 1033 2738 yilarn
1058 2650 1201 2739 (lectum)
1224 2650 1319 2729 dedit,

170 2768 257 2815 nunc
270 2754 395 2816 tantum
410 2751 529 2817 formas
547 2752 658 2827 lesen,
676 2753 783 2826 laese,
801 2751 943 2837 yelesen
957 2749 1065 2816 habet.

214 2848 251 2912 In
265 2848 417 2913 extremis
429 2848 561 2924 vocibus
575 2868 593 2915 s
606 2848 726 2921 radicis
737 2849 771 2918 in
784 2846 913 2934 gothiae
927 2846 1037 2935 lingua
1051 2864 1177 2932 semper
1188 2851 1320 2932 perstat,

170 2942 223 3009 sel
247 2949 322 3012 ante
342 2944 531 3015 vocabulum
556 2966 576 3012 a
596 2945 702 3013 vocali
725 2946 879 3031 incipiens
907 2964 981 3010 raro
1009 2945 1043 3010 in
1068 2944 1264 3020 zvertitur3
1289 2945 1323 3010 in

171 3043 304 3109 caeteris
316 3048 423 3122 autem
438 3044 629 3129 germanicis
643 3043 787 3111 dialectis
805 3044 886 3110 haec
904 3044 1033 3129 spirans
1046 3048 1167 3130 perstat
1183 3041 1234 3108 vel
1255 3041 1288 3108 in
1301 3062 1323 3106 r

171 3141 299 3212 transit.
318 3141 356 3209 In
370 3141 573 3226 sequentibus
586 3141 718 3208 vocibus
731 3147 864 3226 perstat,
877 3146 914 3207 ut
930 3162 937 3206 :

237 3235 318 3323 (eis)
444 3246 476 3307 as
635 3247 667 3306 ts
833 3273 875 3288 -
988 3246 1020 3304 es
1170 3245 1202 3304 as

234 3352 322 3420 yras
439 3354 526 3421 yrus
628 3355 718 3422 uras
805 3355 889 3420 yses
986 3353 1093 3421 years
1168 3351 1256 3420 yras

258 3464 303 3479 —
442 3432 526 3498 loros
632 3433 716 3500 hors
806 3432 889 3499 Ιιονε
987 3431 1069 3496 ders
1168 3429 1250 3496 leros

236 3527 303 3593 dtis
440 3529 506 3594 dtis
634 3528 699 3595 diis
806 3529 872 3595 diis
987 3528 1054 3593 dtis
1170 3526 1235 3594 luis

238 3624 345 3693 ἰανε3
443 3629 495 3695 icis
635 3630 687 3695 les
807 3630 861 3695 Itis
1002 3660 1043 3675 —
1256 3632 1319 3692 etc.

218 3724 256 3790 In
271 3726 474 3810 sequentibus
488 3731 593 3791 autem
609 3725 774 3791 vocabulis
788 3726 849 3791 sin
865 3745 885 3789 ν
898 3724 1037 3790 vertitur
1053 3744 1060 3788 :

238 3829 306 3908 got.
444 3829 523 3890 tent.
635 3842 708 3888 sax.
808 3841 900 3908 angs.
989 3822 1031 3887 fr.
1173 3841 1245 3887 non.

238 3918 298 3987 ahs
444 3920 525 3986 αΙιὶν
637 3920 725 3987 arod
812 3920 898 3985 eard
991 3938 1056 3986 ear
1173 3939 1217 3985 ax

207 4139 226 4190 1.
247 4141 350 4196 Terror,
372 4138 470 4195 usiam,
493 4136 609 4200 sufflare,
627 4140 738 4202 mnatre,
757 4137 860 4197 cadere,
878 4138 973 4204 uetare,
993 4138 1107 4201 corylis,
1127 4138 1232 4202 eltqere,
1248 4138 1321 4199 λύειν,

173 4220 263 4284 ωροτε,
280 4221 404 4278 excitare,
421 4217 502 4279 mitte,
518 4221 676 4282 monstrare,
691 4220 805 4279 visitare,
820 4223 875 4272 etc.

203 4303 229 4353 t.
253 4304 353 4360 Honor,
377 4303 476 4360 mstis,
497 4302 581 4362 auris,
602 4300 691 4360 bassa,
714 4300 827 4366 [mm.
849 4301 952 4360 horror,
974 4299 1057 4364 lepus,
1079 4298 1181 4359 audire,
1198 4297 1320 4358 laudare,

173 4382 299 4448 apostate,
314 4379 413 4443 dome,
428 4392 543 4433 servare.
565 4379 603 4433 Gi.
622 4379 737 4438 Grimm,
754 4380 883 4433 umecta
899 4378 1074 4440 Grammatik,
1089 4378 1126 4442 1²,
1142 4380 1181 4442 52,
1199 4379 1251 4440 137,
1269 4379 1321 4440 182,

175 4461 230 4594 ωέ,
245 4462 359 4602 metes,
374 4553 491 4605 eramen,
507 4554 599 4608 equae,
614 4517 714 4601 danes,
730 4540 819 4592 luam.
