3276 5482
695 398 831 455 ..7-

232 506 317 573 Ante
341 506 483 573 vocalem
506 539 537 588 σ,
569 527 666 594 quum
692 507 841 574 vocabuli
860 510 1037 597 principale
1060 517 1120 586 est,
1145 511 1332 599 plerumque

97 641 103 650 ·
185 605 282 674 etiam
295 604 328 671 in
342 605 489 690 spiritum
502 625 649 694 asperum
663 605 834 683 vertitur¹‚
858 614 919 674 ut:
1043 610 1045 615 '

362 705 458 781 ἕξομαι
553 703 595 770 oi.
611 722 674 770 ser.
691 703 786 782 sot,
865 704 923 771 lat.
940 706 1064 774 redeo

360 801 432 863 ἑπτά
612 820 677 867 sor.
693 808 849 888 raptat,
866 802 924 869 lat.
942 811 1086 890 septem,
1106 813 1168 872 etc.

184 896 248 966 Sed
261 896 313 965 hio
325 917 452 986 quoque
464 903 608 986 perstare
621 905 736 986 potest,
753 907 789 966 ut
805 922 813 966 :

284 1005 426 1068 αέα-εσθαι
445 1003 561 1087 (vereri)
751 1007 790 1069 ei.
807 1023 865 1070 aar.
881 1016 957 1085 stu,
1014 1008 1213 1078 latret-erut

283 1106 380 1185 σσρ-ός
696 1095 697 1098 '
1016 1107 1067 1168 lat.
1084 1111 1228 1186 rap-iens.

228 1199 267 1267 ln
280 1201 390 1268 mediis
403 1201 511 1268 uerbis
524 1201 609 1267 inter
620 1202 746 1270 vocales
757 1221 796 1271 ao
806 1205 1003 1290 potissimum
1022 1206 1056 1270 in
1074 1205 1177 1272 media
1193 1205 1331 1273 flexione

183 1300 394 1387 raaepiaaime
407 1298 537 1378 excidit,
553 1305 609 1366 ut:

322 1406 363 1481 ἰός
376 1422 431 1485 pro
446 1403 544 1480 *litote
776 1407 814 1470 ol.
831 1423 890 1470 sor.
907 1405 995 1486 otios,
1013 1408 1064 1470 lat.
1081 1413 1164 1471 virro

322 1509 385 1583 pir,
402 1520 470 1584 gen.
489 1508 558 1583 μυός
840 1505 1095 1582 tetartemoria

320 1605 387 1684 φέρῃ
402 1618 456 1680 pro
469 1599 595 1684 ’ρέρεσαι
830 1620 888 1666 stt.
906 1603 1042 1665 iturust.

181 1700 307 1768 Perstat
320 1705 429 1766 tamen
442 1719 683 1786 nonnunquam,
701 1707 736 1768 ut
753 1721 760 1766 :

520 1808 639 1890 αἱρήσω,
706 1809 804 1886 ἔλυσα,
864 1812 986 1888 τιμήσω.

519 1904 634 1981 ritaret,
703 1908 820 1986 τίθεσαι,
862 1908 982 1969 ἵστασαι.

518 2002 662 2080 βασιλεὺς,
706 2009 806 2082 μοῦσα,
864 2005 992 2083 τλῆ-σας.

224 2099 406 2178 rmedium,
426 2097 510 2187 quod
525 2099 612 2181 prol
627 2126 642 2167 ν
658 2107 846 2187 sequuntur,
866 2101 916 2168 his
934 2101 1096 2170 nasalibus
1117 2104 1323 2188 assimilatur,

179 2203 239 2267 ut:

338 2295 402 2357 dor.
419 2295 488 2374 tppt
559 2311 613 2375 pro
627 2294 737 2376 *ἐρ-μί,
984 2314 1043 2361 sor.
1060 2303 1163 2360 trs-mi.
1235 2339 1238 2344 -

337 2393 394 2455 eoi.
418 2394 540 2475 ipat-rog
554 2409 609 2472 pro
622 2392 767 2478 *ipro-ror
783 2392 997 2476 (montuosus).

179 2496 269 2572 Quae
289 2493 458 2572 vocabula,
480 2493 677 2582 diphthongo
698 2495 722 2558 εἰ
740 2496 895 2561 inlocum
914 2496 1146 2582 conjunctionis
1165 2521 1207 2577 μμ
1226 2499 1278 2564 vel
1296 2524 1324 2562 νν

178 2594 362 2671 substituta,
379 2593 414 2657 in
426 2591 535 2680 lingna
550 2591 678 2678 vulgari
693 2591 761 2671 εἰμί,
777 2593 882 2676 ἐρεινός
895 2592 979 2659 facta
992 2601 1079 2661 sunt.

221 2692 260 2757 ln
279 2692 336 2758 tali
354 2692 536 2758 litterarum
554 2692 775 2779 conjunctione
792 2716 820 2771 σ,
841 2691 935 2778 quod,
957 2714 1054 2779 quum
1073 2695 1218 2762 vocabuli
1234 2699 1324 2785 prin-

179 2789 280 2879 cipale
294 2797 387 2868 esset,
405 2790 568 2857 exciderat
582 2797 739 2858 mutatum
753 2797 895 2877 perstare
908 2798 1023 2878 potest,
1039 2800 1074 2860 ut
1092 2815 1099 2860 :

295 2898 482 2979 φιλομμειδὴς
502 2914 556 2976 pro
570 2897 814 2980 *otho-optobit,
832 2899 895 2960 rad.
912 2916 970 2961 stt.
986 2903 1046 2960 smt'
1061 2899 1192 2980 (ridete).
1224 2925 1229 2933 ⁴

296 2995 396 3079 ὲῤῥύην
506 3011 561 3074 pro
574 2993 722 3078 *tt-aptaro
736 3012 753 3056 e
767 2998 821 3079 ῥὲω
838 3012 893 3075 pto
906 3000 991 3080 σρὲω,
1008 3014 1069 3060 rao.
1086 3016 1148 3059 ortt.

294 3093 457 3176 περίρρυτος
502 3109 556 3171 pro
570 3091 765 3176 *περι-σρυτος
781 3091 1027 3175 (circumfluus)².

216 3191 254 3258 ln
273 3191 323 3258 his
344 3190 463 3258 ultimis
481 3193 635 3280 exemplis
656 3214 672 3253 σ
692 3192 836 3278 sequenti
861 3226 875 3284 p
898 3192 1114 3272 assimilatum
1140 3193 1195 3260 sed
1217 3202 1321 3283 potest

171 3290 267 3356 etiam
296 3316 310 3374 ρ
336 3287 534 3355 anteoedenti
561 3289 744 3368 assimilari,
774 3288 858 3376 quod
882 3291 1051 3378 praecipue
1079 3293 1113 3358 in
1142 3297 1319 3363 recentiore

172 3389 273 3454 attica
291 3386 427 3453 dialecto
449 3382 518 3464 flt³‚
542 3393 603 3453 ut:

212 3493 300 3576 ἄρρην
564 3509 619 3574 pro
634 3494 718 3576 ripe-qt
735 3491 927 3575 (masculus),
943 3509 1022 3574 pers.
1039 3488 1145 3557 ari-an
1162 3495 1286 3581 (homo).

212 3593 323 3676 θαρρεῖν
338 3593 412 3654 leui.
429 3595 537 3654 tonan
630 3594 754 3676 θαρσεῖν,
771 3594 831 3672 goi.
849 3592 982 3655 dautsan
999 3591 1144 3677 (audete).

211 3690 293 3774 ὄρρος
616 3688 727 3774 Ἔρως,
746 3694 819 3752 itui.
835 3706 887 3754 ars
902 3691 1016 3768 (anus).

210 3788 345 3872 repperitur
633 3789 768 3872 reponitur
786 3786 937 3869 (tergere),
955 3804 1016 3852 stt.
1034 3782 1105 3851 itti.

211 3887 313 3969 χέῤῥος
631 3888 733 3968 χέρσος
749 3882 884 3966 (slatus),
899 3883 981 3949 eta.⁴.

204 4143 225 4195 t.
242 4142 364 4208 Spiritus
379 4154 463 4210 asper
478 4143 509 4196 in
523 4148 642 4196 tenuem
657 4141 803 4195 transitio
817 4144 856 4204 α,
870 4145 907 4206 α,
921 4155 973 4197 sor.
987 4158 1027 4204 so.
1042 4146 1197 4210 uta-tetre<
1207 4145 1313 4211 (trater)

170 4247 200 4261 -
213 4237 284 4285 eum,
298 4226 395 4284 utone,
413 4250 442 4262 -
455 4226 573 4291 απατρος
586 4222 728 4288 (eamdem
744 4226 853 4287 patrem
866 4222 993 4287 hahens).

200 4304 224 4356 t
242 4301 415 4367 schleicher‚
437 4302 475 4356 id.
493 4305 550 4367 att,
566 4304 622 4364 tta,
636 4304 691 4365 ito,
705 4303 761 4367 att,
775 4305 831 4356 att.
855 4330 885 4341 -
906 4303 961 4356 heo
984 4304 1087 4371 Meyer.
1114 4305 1313 4371 rorantem

170 4384 333 4436 Grammattt
344 4384 392 4436 tier
404 4383 580 4451 poteritxien
592 4385 650 4437 uod
662 4383 832 4436 tatetatsetea
843 4384 969 4449 sprocte,
986 4385 1006 4447 1,
1023 4386 1053 4437 52
1070 4388 1099 4437 et
1112 4397 1170 4450 aeq.

201 4466 225 4518 3.
241 4465 273 4517 Α.
289 4465 432 4530 Matthiae,
449 4469 616 4518 arammatre
628 4466 770 4518 rarenter
782 4465 814 4517 tia
826 4468 854 4518 to
868 4465 964 4531 karae
978 4480 1096 4532 oretque,
1113 4466 1132 4528 1,
1147 4468 1187 4519 tt.

201 4547 225 4600 i·
239 4545 270 4600 tt.
282 4543 405 4610 Curtius,
419 4545 576 4612 amandata
588 4545 635 4598 tier
646 4544 823 4613 metuetur
835 4546 1007 4615 Etymoiopte,
1021 4545 1135 4613 passim.
