3276 5482
737 367 895 425 ,ηιμ

244 487 361 549 motor
995 475 1140 565 (multae)

242 578 480 668 rapiar-juxta
495 582 611 648 uitas*
993 574 1112 663 (urtae)

244 681 437 756 uersentur
996 668 1126 759 (ranan)

245 773 394 842 Ioeirrur
994 767 1162 857 (iguvini),
1181 775 1240 836 eto.

289 869 318 961 δ)
339 872 377 938 ln
392 870 502 938 dativo
515 877 548 938 et
560 867 701 937 ablativo
715 866 833 955 plurali
846 864 1018 936 thematum
1030 885 1112 954 quae
1125 868 1160 935 in
1173 864 1258 936 uvel
1271 883 1291 934 o
1305 864 1390 935 desi-

245 974 339 1050 nunt,
354 975 392 1035 ut
408 989 415 1033 :

328 1065 514 1151 plenasier
920 1060 1098 1148 (plenariis)

333 1163 502 1228 urnusier
921 1156 1090 1246 (urnariis)

336 1259 533 1326 sekmenier
546 1259 717 1344 daqurrer
800 1291 803 1299 ·
844 1321 847 1325 ,
924 1255 1140 1345 (semestribus
1152 1253 1302 1341 decuriis)

247 1392 288 1410 ·-
301 1357 396 1445 juxta
410 1356 536 1445 quidem
550 1357 746 1424 redimentes
761 1354 930 1427 teduries.

289 1457 317 1545 ε)
332 1456 370 1520 ln
383 1455 481 1522 activi
497 1453 635 1521 secunda
650 1472 787 1541 persona
803 1451 969 1539 singulari,
984 1449 1099 1536 siquid
1113 1469 1155 1516 ex
1168 1470 1234 1516 uno
1246 1449 1391 1536 exemplo

244 1555 300 1620 sir
314 1552 402 1640 (sies)
414 1553 559 1620 concludi
573 1555 682 1640 possit.
700 1550 930 1618 Prolerebatur
943 1567 1069 1635 quoque
1081 1550 1187 1632 feror
1200 1566 1259 1633 pro
1271 1549 1388 1632 ferar,

249 1649 304 1718 sed
317 1651 427 1739 Bugge
440 1652 473 1716 in
487 1652 548 1717 hoo
560 1651 658 1717 verbe
670 1651 833 1737 passivum
846 1649 990 1731 feratw
1003 1644 1100 1713 videt.

291 1747 411 1816 Contra
431 1769 448 1816 a
466 1755 611 1816 extrema
631 1753 754 1836 perstat
775 1747 809 1812 in
830 1745 939 1813 dativo
959 1744 1162 1831 abhtivoque
1184 1743 1298 1831 plurali
1321 1743 1392 1810 the-
1519 1717 1528 1738 ⁵

247 1853 368 1915 matum
382 1867 464 1936 quae
477 1849 512 1914 in
525 1847 540 1912 i
552 1846 713 1926 desinunt,
735 1852 771 1912 ut
788 1863 794 1907 :

424 1946 519 2013 aneis
647 1991 649 1996 ·
988 1944 1143 2033 (avi-bus)

422 2045 565 2128 fratruo
985 2041 1195 2130 (fratri-bus).

290 2140 531 2227 Nonnunquam
556 2145 664 2207 autem
686 2159 704 2208 s
726 2144 871 2209 extrema
892 2141 1034 2227 ipsaque,
1058 2142 1205 2226 quamvis
1228 2140 1346 2217 rarius,
1375 2159 1392 2205 r

247 2240 349 2308 media
362 2241 397 2306 in
412 2241 540 2324 fatiam
553 2240 671 2308 mutari
685 2246 800 2326 potest,
816 2237 912 2327 quod,
923 2244 959 2305 ut
972 2238 1083 2326 Bugge
1097 2233 1273 2324 probavit¹,
1289 2240 1392 2326 potis·

248 2339 362 2406 simum
375 2336 424 2416 nt,
440 2357 538 2425 quum
554 2357 572 2406 a
587 2344 731 2407 extrema
746 2357 805 2423 pro
819 2356 863 2403 nr
877 2342 1061 2422 usurpatur,
1077 2341 1113 2401 ut
1129 2354 1137 2398 :

424 2435 535 2521 ubres
814 2453 872 2522 pro
886 2433 996 2521 *apros
1009 2431 1063 2498 vel
1076 2431 1209 2519 *aprons

424 2535 520 2616 unes,
537 2533 623 2616 aoif
902 2530 1003 2607 areis,
1019 2529 1078 2596 lat.
1095 2548 1173 2598 aves

425 2632 495 2715 eof
903 2647 957 2694 eas

901 2730 995 2792 trans

901 2820 1013 2908 Qerso,
1030 2821 1152 2888 Kereso

428 2920 606 3004 tradoorfi
884 2919 1123 2997 *travordlat
1140 2920 1359 2987 transversim.

249 3017 370 3085 Eadem
381 3019 516 3085 mutatio
530 3036 655 3104 quoque
669 3018 702 3082 in
719 3016 789 3085 aliis
802 3015 912 3084 Italian
926 3017 1069 3085 dialectis
1083 3018 1252 3103 reperitur,
1268 3024 1323 3085 ut:
1475 3011 1482 3026 '

427 3115 527 3184 volso.
544 3116 625 3200 aris
880 3136 938 3201 pro
951 3118 1027 3195 asis,
1041 3115 1099 3181 lat.
1115 3112 1214 3182 arist

294 3214 478 3300 Usurpatur
499 3212 596 3279 etiam
616 3214 649 3278 in
672 3211 860 3298 quibusdam
883 3215 1024 3281 romanis
1045 3213 1175 3300 linguis,
1196 3219 1292 3299 atque
1319 3232 1391 3282 earn

250 3312 284 3378 in
296 3311 512 3378 maurianensi
525 3309 701 3398 Sapaudiae
715 3309 850 3380 dialecto
866 3314 1015 3380 usitatam
1026 3333 1096 3379 esse
1108 3309 1266 3379 ostendi³.

294 3512 354 3579 Ill.
372 3512 529 3580 Litterae
543 3512 567 3579 d
580 3511 621 3578 ira
633 3532 656 3577 r
671 3508 736 3599 (rs)
750 3514 911 3580 mutatio,
933 3549 976 3564 -
993 3513 1033 3580 Iu
1045 3511 1186 3579 dialectis
1200 3509 1317 3577 italicis
1330 3529 1395 3577 non

251 3608 354 3676 solum
367 3610 492 3695 spirans
506 3627 535 3686 s,
561 3609 701 3675 datiam
726 3611 760 3675 in
781 3630 804 3675 r
825 3612 909 3677 verti
931 3616 1045 3697 potest.
1073 3608 1223 3678 Umbrioa
1240 3607 1396 3674 disiectus

252 3727 364 3773 sonum
378 3704 546 3793 quemdam
560 3707 645 3772 inter
667 3726 684 3773 a
707 3714 780 3774 etr
801 3707 938 3774 medium
959 3705 1153 3795 possidebat,
1178 3706 1234 3792 qui
1256 3706 1290 3772 in
1309 3703 1396 3771 litte-

253 3810 364 3871 ratura
378 3802 552 3871 vernacula
566 3822 623 3888 per
635 3823 666 3888 q,
677 3804 821 3871 inlatina
832 3811 938 3871 autern
947 3805 1157 3873 recentiorum
1163 3802 1289 3890 iguvini
1299 3803 1396 3869 tabu-

251 3900 357 3969 larum
368 3902 551 3968 litteratura
564 3921 621 3988 per
634 3922 673 3970 rs
687 3898 735 3992 (Υ)
750 3903 935 3971 notabatur.
960 3906 993 3972 D
1013 3909 1117 3971 autern
1137 3902 1171 3968 in
1183 3900 1268 3969 hunc
1282 3919 1397 3969 sonum

252 4001 392 4080 transiit,
408 4006 469 4066 ut:

252 4097 285 4188 α)
299 4118 357 4187 pro
370 4103 566 4166 oonaonante
582 4119 589 4164 :

288 4344 309 4397 1.
326 4340 435 4396 liuhn’s
447 4341 609 4409 Zdacirtst,
624 4340 708 4407 lillll,
724 4343 749 4406 5,
762 4342 818 4396 lit.

284 4423 310 4476 t.
325 4422 363 4476 (li.
378 4423 504 4482 consen
521 4421 559 4476 iu
575 4423 596 4486 l,
610 4422 666 4475 229.

286 4505 312 4559 ³.
328 4503 354 4557 c.
367 4502 454 4567 Joret,
469 4505 513 4556 Du
525 4504 546 4555 c
559 4503 628 4566 duas
640 4502 678 4556 trs
691 4501 799 4568 tuantur
811 4515 942 4566 maora,
956 4503 1010 4556 tlt.
