3276 5482
648 391 787 446 ..3.-

148 504 238 568 Tunc
263 503 291 568 si
314 501 426 587 lingua
450 501 573 579 vibrat,
602 500 677 568 dum
701 520 759 567 aer
784 522 802 566 e
826 499 1026 588 pulmonibus
1048 498 1231 586 expellitur,
1268 518 1290 563 r

146 599 280 666 dentalis
304 599 485 687 profertur,
517 599 544 665 si
568 606 679 666 contra
702 599 813 687 lingua
839 600 968 665 immota
999 605 1120 676 manet,
1148 617 1166 665 s
1192 616 1289 664 sonus

145 696 288 774 auditum
304 698 410 782 itaque
422 696 569 763 transitio
582 699 676 762 unius
690 699 759 763 soni
773 698 806 763 in
821 698 968 776 alterum,
983 716 1103 783 organo
1117 694 1286 782 quodcum

145 795 292 881 producit
305 801 438 872 mutato,
456 793 601 861 efficitur.
615 796 767 862 Attamen
782 815 877 880 quum
891 815 908 861 s
921 796 1048 861 litterae
1060 794 1095 859 in
1108 813 1130 858 r
1142 792 1287 872 mutati0,

146 914 226 979 quae
251 896 388 981 primum
415 892 550 960 dentalis
579 895 621 959 sit
648 900 782 980 oportet,
811 890 921 960 effecta
945 892 1052 971 suerit,
1079 893 1159 958 haec
1183 890 1289 956 littera

145 998 252 1076 postea
267 994 300 1058 in
314 1013 335 1057 r
348 992 540 1079 gutturalem
552 994 688 1058 transire
701 999 822 1079 potest;
851 992 892 1058 ad
913 992 944 1058 id
958 992 1043 1058 enim
1057 987 1290 1075 impetrandum

145 1091 222 1155 satis
236 1096 332 1156 estut
347 1096 489 1156 extrema
505 1090 633 1177 linguae
646 1111 702 1157 ora
716 1110 781 1156 non
794 1091 936 1157 dentium
950 1089 1061 1166 radici,
1082 1086 1137 1153 sed
1152 1085 1289 1172 ejusdem

144 1205 220 1273 pars
234 1187 336 1254 media
350 1187 451 1255 medio
464 1188 571 1274 palato
585 1187 727 1265 accedat,
745 1208 808 1273 quo
822 1189 855 1252 in
867 1187 937 1254 loco
958 1187 981 1254 le
1004 1207 1100 1253 sonus
1121 1180 1252 1250 effertur
1261 1181 1285 1247 ¹.

144 1282 205 1350 Sed
218 1306 347 1352 necesse
360 1292 408 1353 est
422 1292 458 1352 ut
470 1305 487 1351 s
501 1284 608 1351 littera
623 1287 655 1351 in
670 1307 691 1350 r
705 1285 863 1351 dentalem
876 1286 1012 1371 primum
1021 1288 1177 1360 transeat,
1193 1287 1288 1346 ante·

143 1402 239 1467 quam
263 1384 297 1448 in
319 1404 340 1448 r
365 1381 560 1470 gutturalem
586 1391 736 1450 mutetur.
764 1385 974 1460 Quamobrem
996 1403 1065 1448 mea
1092 1380 1288 1447 sententias

143 1485 269 1546 tantum
289 1483 322 1547 in
345 1483 395 1548 his
420 1481 538 1569 linguis
561 1483 594 1547 in
617 1503 638 1547 r
661 1483 799 1548 transire
822 1483 940 1569 potuit,
965 1481 999 1546 in
1016 1480 1129 1567 quibus
1150 1500 1171 1543 r
1192 1477 1288 1564 primi

142 1581 270 1666 generis
278 1580 396 1657 littera,
408 1581 439 1645 id
449 1586 497 1646 est
507 1601 529 1645 r
540 1580 686 1659 dentalis,
698 1581 848 1659 occurrit,
860 1600 900 1646 ac
911 1580 1045 1645 mutatio
1055 1579 1208 1645 litteraes
1219 1576 1253 1640 in
1266 1594 1288 1639 r

143 1681 283 1765 oportuit
297 1679 330 1744 in
343 1679 393 1745 his
406 1679 515 1745 eodem
528 1686 668 1767 tempore
682 1682 791 1747 statim
803 1680 970 1757 desineret,
987 1698 1049 1764 quo
1065 1677 1287 1765 qualicumque

142 1797 159 1842 e
173 1797 269 1843 causa
283 1797 304 1840 r
317 1776 453 1843 dentalis
468 1779 501 1843 iu
515 1778 631 1844 eisdem
641 1778 708 1865 jam
723 1778 872 1845 nonfuit.
898 1776 1010 1843 Altera
1033 1775 1171 1842 conditio
1191 1774 1287 1838 etiam

143 1876 322 1942 necessaria
341 1875 438 1942 fuisse
457 1876 594 1955 videtur,
616 1883 651 1943 ut
666 1896 684 1943 s
702 1878 735 1942 in
754 1898 775 1941 r
793 1878 956 1953 transiret,
980 1877 1007 1941 si
1026 1896 1044 1941 s
1062 1874 1150 1962 prius
1171 1890 1287 1939 sonora

141 1973 235 2038 fuerit
255 1974 351 2039 facta.
372 1973 557 2040 Videbimus
571 1975 654 2040 enim
672 1994 692 2040 z
713 1975 885 2060 gothicam,
906 1993 1018 2060 quaes
1032 1972 1156 2038 litterae
1170 1987 1286 2037 sonora

141 2077 200 2148 est,
227 2071 362 2136 caeteris
385 2071 418 2136 in
441 2073 632 2157 germanicis
653 2072 772 2158 linguis
795 2073 830 2139 in
852 2093 873 2137 r
895 2078 1050 2138 mutatam
1072 2070 1190 2147 luisse;
1222 2086 1287 2133 non

140 2168 235 2234 aliter
256 2169 357 2235 latina
377 2170 411 2235 in
430 2169 540 2256 lingua
554 2171 638 2235 inter
651 2170 731 2237 duas
745 2172 882 2246 vocales,
900 2192 962 2258 quo
976 2170 1009 2234 in
1023 2169 1092 2236 loco
1106 2187 1222 2234 sonora
1234 2165 1291 2243 fit„

142 2273 237 2352 atque
251 2269 347 2333 etiam
361 2268 395 2332 in
408 2288 483 2335 osca
497 2269 634 2336 dialecto
647 2289 667 2335 z
681 2269 786 2335 littera
800 2276 941 2347 notatur,
964 2289 980 2336 s
1000 2270 1033 2334 in
1052 2288 1073 2332 r
1087 2273 1209 2334 mutata
1223 2271 1282 2343 est,

142 2386 238 2451 quum
253 2386 310 2452 pro
324 2369 514 2433 consonanti
527 2368 636 2446 surda,
654 2367 709 2433 ubi
722 2388 846 2455 quoque
858 2368 954 2435 surda
969 2373 1028 2445 est,
1045 2368 1126 2434 haec
1138 2364 1285 2433 transitio

142 2469 207 2529 non
221 2463 300 2529 effici
314 2465 424 2551 possit.

184 2562 223 2627 ln
240 2563 386 2629 omnibus
405 2562 643 2651 indoeuropaeis
656 2564 774 2651 linguis
787 2563 1000 2632 rhotacismus
1012 2585 1078 2632 non
1091 2570 1282 2651 usurpatur;

140 2659 174 2724 in
188 2658 362 2728 lithuaniea
375 2661 491 2728 enims
508 2682 572 2728 non
586 2669 749 2740 mutatur3
772 2669 871 2748 atque
892 2664 918 2730 si
937 2665 971 2729 in
989 2663 1123 2751 persico,
1148 2662 1280 2740 slavico,

141 2756 314 2842 celticoque
344 2760 542 2825 sermonibus
566 2779 632 2827 non
659 2781 781 2848 semper
807 2767 944 2848 perstat,
971 2762 1005 2827 in
1027 2760 1125 2826 alium
1149 2778 1279 2838 sonum,

141 2890 182 2905 ·-
198 2859 219 2932 l,
238 2877 269 2936 e,
285 2856 317 2934 b,
337 2858 395 2937 nb,
413 2857 463 2924 bb
475 2860 508 2923 in
523 2860 663 2946 persioo;
689 2857 711 2939 l,
733 2857 840 2946 b(cb)
863 2861 896 2926 in
916 2860 1052 2938 slavico;
1076 2859 1098 2926 b
1116 2859 1151 2924 in
1169 2857 1283 2926 celtico

139 2988 182 3002 -
196 2973 359 3039 nunquam
374 2962 479 3022 autem
493 2958 527 3023 in
539 2977 561 3021 r
574 2958 711 3023 vertitur
723 2978 731 3035 ;
747 2963 784 3023 ut
800 2978 808 3022 :

138 3071 221 3138 pers.
238 3052 328 3119 aci-lo·
343 3052 419 3140 (hic)
434 3075 493 3140 pro
507 3053 635 3121 *ci-scs
680 3055 721 3122 cf.
738 3060 804 3140 got.
822 3074 864 3121 sa

161 3149 203 3213 id.
239 3151 312 3230 acti
743 3173 807 3219 scr.
825 3154 907 3232 asti,
925 3153 982 3221 lat.
1001 3160 1054 3221 est

160 3245 203 3312 id.
238 3247 335 3313 admi
739 3272 803 3317 scr.
818 3253 921 3330 osmi,
935 3252 992 3320 lat.
1005 3252 1282 3340 sumprc*esum

160 3341 203 3407 id.
238 3345 356 3412 aleten
373 3345 504 3434 (essent)
739 3369 804 3415 scr.
822 3355 912 3418 ᾱεαη

139 3438 220 3506 slav.
237 3439 310 3510 tivo
737 3455 803 3533 got.
821 3449 947 3535 siu-jo,
964 3448 1021 3516 lat.
1039 3468 1102 3517 suo

159 3538 202 3603 id.
237 3540 372 3607 andelao
386 3538 513 3629 (nurus)
735 3565 799 3611 scr.
815 3546 920 3613 snutd
933 3566 992 3635 pro
1004 3546 1130 3614 *snaed

138 3636 209 3702 celt.
238 3638 259 3703 d
274 3637 390 3727 (auris)
736 3643 786 3709 lit.
820 3646 931 3725 ausis,
948 3651 1015 3732 got.
1032 3641 1155 3712 aus02.

181 3734 255 3801 Non
269 3736 314 3801 ita
335 3736 367 3801 in
386 3738 521 3804 caeteris
539 3737 788 3825 indoeuropaeae
808 3740 946 3809 familiae
963 3743 1103 3828 linguis:
1134 3760 1209 3807 nam
1223 3743 1282 3808 etsi

138 3833 172 3897 in
185 3836 340 3901 sanserita
354 3855 370 3901 s
384 3843 527 3902 extrema
542 3842 675 3922 perstat,
692 3838 758 3918 inc
774 3838 825 3904 vel
839 3840 872 3904 in
883 3842 1111 3926 aspirationem
1125 3845 1279 3919 mutatur,

138 3930 170 3995 in
183 3935 309 3998 retiam
324 3952 552 4020 nonnunquam
564 3936 696 4013 transit;
713 3955 777 4001 non
792 3937 887 4002 aliter
900 3959 1083 4026 quanquam
1094 3938 1153 4004 ein
1166 3958 1281 4024 graeca

136 4026 247 4115 lingua
261 4037 436 4117 permanet,
453 4033 487 4097 in
500 4034 724 4119 aspirationem
738 4042 880 4101 mutatur
894 4036 946 4103 vel
960 4037 1090 4115 excidit,
1105 4037 1137 4101 in
1150 4037 1282 4122 quibus-

136 4126 210 4193 dam
219 4128 361 4196 dialectis
375 4151 499 4217 quoque
513 4132 546 4197 in
559 4154 572 4213 ρ
585 4133 733 4198 vertitur.
751 4133 905 4200 Attamen
914 4136 948 4199 in
957 4136 1006 4201 his
1016 4135 1136 4201 duobus
1147 4134 1282 4201 idioma-

136 4226 221 4292 tibus
231 4230 361 4296 mutatio
371 4248 389 4295 s
400 4228 525 4295 litterae
534 4230 568 4297 in
577 4251 680 4297 rraro
694 4232 869 4319 reperitur3
885 4239 997 4300 contra
1008 4234 1042 4299 in
1057 4233 1173 4300 italicis
1185 4239 1282 4319 atque

170 4455 191 4507 1.
208 4456 329 4518 Briioke,
343 4457 381 4511 id.
398 4459 436 4522 38,
451 4459 482 4512 m
496 4463 525 4513 at
538 4461 578 4513 to.

166 4537 192 4588 2.
209 4536 247 4589 cr.
262 4536 436 4604 sobleiober,
450 4537 488 4592 id.
508 4541 560 4601 193,
580 4540 629 4630 itit,
645 4540 701 4607 284,
715 4540 771 4606 296,
786 4541 841 4595 305.
