3276 5482
581 1181 722 1252 CAPUT
746 1182 930 1252 PRIMUM.

347 1495 391 1543 DE
412 1493 621 1543 nnoracmmo
645 1494 680 1543 m
703 1492 883 1543 sansonma
906 1491 1031 1544 LlNGUA
1054 1493 1165 1552 Arnon

552 1600 587 1649 IN
611 1600 749 1650 GRAECIS
771 1599 951 1650 omnnem.

408 1947 452 1995 DE
475 1944 683 1997 nnoracmmo
707 1946 742 1996 IN
766 1945 943 1995 SANSGRITA
966 1945 1103 1996 amona,

225 2099 329 2174 Quum
353 2095 443 2162 verbi
469 2096 654 2183 principalis
681 2102 746 2173 est,
776 2116 794 2162 s
823 2097 856 2162 in
881 2096 1039 2162 sanscrita
1065 2095 1177 2182 lingua
1202 2115 1327 2184 semper

182 2201 314 2282 perstat,
330 2229 371 2245 -
386 2200 520 2281 excepta
535 2193 645 2260 forsan
659 2193 815 2261 vocabulo
829 2191 871 2254 tat
890 2190 977 2282 (sex)
999 2193 1034 2259 in
1056 2215 1118 2281 quo
1139 2196 1173 2260 in
1190 2200 1201 2263 t
1221 2203 1326 2262 muta-

182 2289 270 2372 tur¹,
286 2329 330 2345 -
345 2299 380 2359 ut

357 2395 487 2477 copton
659 2391 716 2457 lat.
733 2396 877 2476 septem,
904 2396 971 2477 got.
988 2390 1093 2457 sibun

357 2507 486 2555 soosor
657 2488 713 2554 lat.
730 2505 844 2568 soror,
891 2494 969 2554 tent.
986 2492 1142 2555 swester.

225 2587 263 2652 ln
276 2584 387 2652 mediis
400 2592 504 2653 autern
518 2586 680 2654 vocabulis
697 2605 715 2653 s
732 2591 853 2674 perstat
866 2592 936 2672 post
950 2587 1094 2653 vocalem
1107 2606 1130 2653 a
1142 2591 1238 2673 atque
1251 2593 1326 2654 ante

181 2692 214 2751 et
226 2691 299 2772 post
313 2691 525 2752 consonantes
534 2705 562 2772 p
579 2692 612 2752 et
625 2690 650 2764 t,
667 2691 703 2751 ut
720 2706 727 2750 ε

445 2785 536 2850 cs-ti
551 2783 623 2871 (est)
713 2789 745 2850 et
758 2782 848 2849 ot-si
864 2781 1059 2871 (com-edis).

181 2878 243 2947 Sed
255 2886 327 2967 post
339 2887 549 2948 consonantes
563 2881 598 2958 le,
612 2900 635 2946 r
648 2886 681 2946 et
694 2880 822 2948 vocales
836 2900 861 2946 u
877 2887 908 2946 et
930 2883 944 2947 i
963 2886 1060 2966 atque
1079 2886 1153 2946 ante
1170 2879 1325 2967 plurimas

180 2987 391 3048 consonantes
405 3000 423 3047 s
437 2979 539 3046 media
558 2979 592 3045 in
609 2975 621 3038 ἕ
637 2981 765 3058 transit,
782 2984 819 3045 ut
835 3000 842 3044 :

354 3074 469 3145 vok-ti
484 3075 661 3165 (loqueris),
674 3078 770 3165 juxta
784 3075 935 3161 olipa-si
949 3072 1106 3164 (conjicis)

356 3173 583 3242 attonat-mat
598 3171 803 3261 (arcitenens)
820 3173 838 3238 ὸ
853 3174 995 3240 donnus
1009 3181 1042 3241 et
1056 3179 1141 3240 mot.

223 3274 262 3339 ln
282 3271 625 3351 extremis‘vocahulis,
650 3293 680 3352 s,
703 3292 802 3358 quum
826 3271 950 3338 vocalis
972 3271 1036 3338 alia
1058 3278 1154 3358 atque
1175 3271 1198 3336 ἄ
1218 3272 1325 3338 brevis

180 3370 231 3437 rel
245 3376 267 3436 oi
280 3370 377 3458 longa
391 3372 503 3450 anteit,
520 3377 644 3438 tantum
659 3390 717 3457 pro
741 3367 846 3437 surdis
868 3367 1062 3456 lingualihus
1085 3390 1125 3437 ac
1145 3368 1325 3437 dentalibus

179 3475 321 3555 perstare
334 3476 448 3557 potest,
466 3475 502 3536 ut
519 3489 526 3535 :

500 3565 601 3633 koois
616 3566 756 3631 tudati:
778 3571 871 3655 poeta
887 3570 997 3635 vexat.

179 3664 244 3731 Pro
266 3664 371 3731 surdis
394 3663 584 3753 palatalibus
611 3665 738 3752 spirans
765 3684 889 3752 quoque
917 3672 1092 3755 permanet,
1119 3667 1153 3732 in
1175 3687 1194 3747 c
1217 3671 1324 3733 tamen

180 3781 286 3842 versa,
302 3769 338 3830 ut
353 3783 361 3830 :

554 3853 634 3933 ooic
647 3853 766 3920 tereti
781 3874 792 3917 .·
813 3853 883 3919 oris
897 3854 932 3920 it.

180 3952 244 4018 Pro
258 3949 361 4016 sardis
375 3954 481 4017 autem
494 3949 709 4036 gutturalihus
721 3951 755 4017 in
768 3950 912 4038 visarga,
924 3950 956 4018 id
969 3958 1018 4019 est
1031 3953 1064 4018 in
1078 3952 1320 4040 aspirationem,

180 4053 333 4127 mutatur,
350 4054 410 4115 ut:

213 4286 234 4337 l.
251 4285 289 4338 tl.
303 4284 476 4349 schleicher,
491 4285 529 4340 id.
546 4287 598 4340 176.
618 4313 650 4325 -
666 4285 717 4340 l’er
730 4285 969 4341 assimilationem
983 4297 1050 4339 cum
1065 4284 1198 4353 sequenti
1211 4301 1226 4353 c
1239 4298 1322 4353 rene·

182 4365 254 4418 ritui
267 4378 413 4433 quoquec
430 4380 481 4433 pro
494 4382 507 4419 e
522 4365 670 4434 principali
689 4365 720 4420 in
738 4375 863 4434 marra-e
884 4379 935 4433 pro
958 4368 1110 4433 *soncnrc-‚
1128 4372 1184 4433 got.
1203 4366 1321 4428 coctiora,

180 4446 392 4581 flairimant.
406 4461 502 4502 sacrm.
519 4448 647 4504 Occurrit
663 4447 750 4502 etiam
764 4462 779 4513 c
792 4459 871 4515 pros
890 4446 921 4500 in
938 4439 1019 4518 aalma
1034 4446 1150 4512 (siccus)
1169 4459 1221 4514 pro
1237 4448 1322 4505 msto,
