3276 5482
756 355 916 415 ..gj-

187 492 192 501 ·
253 467 465 570 rhotacismus
477 472 605 537 tantum
616 467 650 533 in
661 468 803 554 genitivo
818 467 935 555 plurali
948 470 1107 555 reperitur
1121 468 1146 535 ¹.
1171 469 1224 537 Sic
1244 476 1351 544 autem
1366 471 1400 537 in

253 568 400 635 norrensi
413 566 522 654 lingua
535 585 711 653 pronomen
723 567 885 654 gothicum
900 587 953 646 sc,
967 571 1018 647 sd,
1035 572 1123 650 rara
1134 568 1331 636 declinatur:

430 665 639 732 Smounaun.
1042 669 1221 735 Prummu.

295 762 327 831 N
374 783 410 830 sa
510 766 553 828 sti
707 765 761 845 pat
898 763 980 846 petr
1089 775 1176 846 poer
1277 767 1341 849 bau

295 862 326 926 A
370 867 456 948 pann
512 865 553 947 pa
705 862 760 942 bat
898 863 939 943 pa
1089 871 1177 944 puer
1280 867 1345 946 bau

295 957 323 1023 D
367 958 450 1039 baim
512 957 630 1038 peirri
709 959 764 1039 bvi
902 958 984 1042 peim
1089 960 1172 1041 baim
1279 961 1360 1042 beim

296 1056 324 1124 G
373 1060 445 1140 poss
509 1053 655 1138 permar
708 1056 781 1135 pass
894 1055 1020 1135 peirra
1085 1057 1212 1140 pcirro
1273 1058 1401 1139 peiora

296 1156 476 1221 Pronomen
490 1151 752 1239 interrogativum
767 1156 834 1238 got.
851 1151 939 1219 hocs
952 1152 1108 1239 pluralem
1120 1153 1155 1219 in
1169 1152 1257 1220 nulla
1271 1173 1401 1241 germa-

251 1251 324 1317 nica
339 1250 474 1317 dialecto
487 1249 595 1328 habet,
608 1248 861 1336 peculiaremque
873 1248 1007 1317 formam
1020 1251 1055 1318 in
1066 1251 1217 1318 feminino
1226 1258 1351 1319 tantum
1365 1253 1400 1319 in

250 1347 377 1435 gothica
397 1346 549 1435 possidet;
573 1347 613 1414 ad
633 1346 694 1415 hoo
713 1347 779 1415 sin
793 1348 992 1416 nominativo
1006 1348 1162 1435 singulari
1175 1349 1351 1418 masculino
1364 1350 1400 1416 in

250 1448 415 1522 saxonica,
438 1447 689 1534 anglosaxonica
706 1446 902 1533 bisianaque
920 1446 1056 1513 dialecto
1073 1447 1203 1527 excidit,
1226 1453 1320 1534 atrpue
1333 1467 1351 1515 s
1364 1448 1399 1514 in

249 1547 392 1632 genitivo
405 1564 532 1631 semper
545 1550 679 1630 perstat,
694 1544 905 1611 rhotucismus
919 1543 989 1611 ideo
1004 1551 1131 1612 tantum
1152 1545 1185 1611 in
1203 1547 1399 1613 nominativo

249 1643 425 1710 masculino
437 1644 471 1708 in
485 1642 639 1709 theotisca
653 1643 828 1721 vetustiore
839 1661 878 1708 ac
892 1643 1069 1709 recentiore
1082 1650 1177 1729 atque
1190 1644 1225 1711 in
1239 1664 1399 1711 norraena

249 1738 383 1807 dialecto
401 1741 552 1826 usurpari
576 1740 689 1827 potuit.
721 1737 841 1808 Danica
869 1747 991 1819 autem,
1019 1743 1103 1810 sicut
1124 1743 1250 1811 suecica
1270 1743 1395 1832 lingua,

250 1856 322 1905 eum
336 1858 399 1905 non
414 1839 514 1905 novit.

262 1954 264 1956 ’
293 1935 460 2022 Adjectiva
478 1935 706 2021 interrogativa
725 1935 898 2021 composita
917 1939 1080 2003 teutonica
1102 1935 1292 2017 laederer,
1315 1936 1399 2007 tut:

249 2034 357 2109 doru,
383 2030 573 2111 hoedorum
597 2051 631 2096 v.
647 2053 674 2098 s.
702 2031 857 2109 tuarum
880 2053 913 2100 a.
931 2055 957 2100 s.
983 2033 1125 2111 avare,
1147 2034 1257 2102 forsan
1271 2055 1398 2122 quoque

248 2150 281 2198 v.
303 2131 346 2198 fr.
361 2131 515 2210 bweder,
532 2130 616 2196 sicut
629 2128 821 2215 adjectivum
836 2129 1034 2208 islandicum,
1051 2132 1135 2217 quod
1148 2131 1199 2198 his
1212 2134 1396 2220 respondet,

247 2230 386 2309 boor-r,
417 2228 519 2306 boor,
550 2229 673 2294 dcciv-t
703 2226 824 2316 (uter),
858 2235 953 2315 atque
981 2230 1120 2308 boor-r,
1147 2229 1244 2309 door,
1275 2231 1397 2300 over-t

248 2325 333 2413 (quis
345 2325 512 2412 omnium),
533 2331 598 2412 got.
616 2323 762 2408 boemis,
780 2325 920 2411 doarja,
940 2327 1123 2412 boorjota,
1144 2347 1240 2413 quum
1253 2327 1397 2396 declina·

248 2427 365 2491 tionem
379 2423 525 2510 adjectivi
539 2423 653 2490 fortem
668 2428 855 2510 sequantur,
876 2425 911 2489 in
931 2423 1057 2490 casibus
1077 2423 1187 2489 iisdem
1203 2424 1397 2492 rhotacismo

248 2528 393 2589 utuntur.
411 2522 497 2588 Idem
508 2521 546 2587 de
555 2528 620 2607 got.
633 2521 811 2598 dedicit-s,
824 2521 1011 2600 decicit-a,
1025 2521 1235 2589 dve'teikoto
1250 2520 1393 2611 (qualis),

246 2639 280 2685 v.
301 2627 326 2687 t.
350 2620 554 2687 bwiottbbe‘r
576 2622 645 2686 sive
661 2618 886 2698 bwd'ltblt-e'r,
902 2641 959 2699 -u,
974 2639 1048 2704 -oj;
1063 2640 1097 2687 v.
1114 2640 1142 2687 s.
1165 2619 1285 2697 duilio,
1308 2638 1341 2686 a.
1365 2639 1393 2686 s.

246 2717 351 2796 boile,
375 2737 445 2784 nor.
465 2719 615 2785 trottae-r
634 2717 696 2784 dici
716 2722 831 2804 potest.
855 2717 958 2805 Igitur
972 2737 1206 2807 supervacuum
1221 2723 1270 2784 est
1291 2715 1331 2783 de
1349 2716 1396 2783 eis

244 2814 339 2902 plura
349 2813 515 2882 disserere.

288 2912 433 2980 Relativa
447 2911 673 2998 indefinitaque
687 2912 884 2998 pronomina,
900 2933 998 2998 quum
1010 2912 1162 2979 universa
1174 2933 1192 2979 e
1203 2910 1397 2999 praeceden-

245 3012 331 3079 tibus
349 3012 494 3077 oriantur
514 3017 608 3095 atque
629 3009 776 3096 adjectivi
794 3008 1035 3076 declinationem
1058 3018 1234 3097 sequantur
1246 3008 1393 3088 debilem,

246 3109 368 3175 nullum
380 3109 564 3174 rhotacismi
577 3107 756 3194 exemplum
770 3108 932 3193 peculiare
951 3107 1132 3175 ostendunt.
1153 3106 1261 3175 Solum
1274 3114 1322 3173 est
1334 3127 1396 3174 no-

246 3205 379 3272 tandum
400 3205 538 3271 litteram
561 3226 583 3270 r
601 3206 635 3270 in
656 3205 851 3271 nominativo
869 3205 1044 3270 masculino
1066 3204 1223 3292 singulari
1244 3205 1396 3271 norraeni

247 3304 345 3390 cingi
362 3301 516 3389 (aliquis),
533 3323 565 3367 v.
587 3309 612 3368 t.
629 3303 777 3388 einiger,
794 3321 859 3369 non
870 3302 1019 3388 reperiri3
1036 3301 1090 3368 sed
1103 3302 1193 3369 Edda
1205 3301 1297 3389 juxta
1313 3303 1396 3390 engi

245 3400 412 3486 precingi
426 3399 559 3465 formam
573 3418 698 3485 quoque
712 3400 822 3486 disp-r
835 3398 973 3466 ostendit
981 3405 1002 3465 ².

496 3569 532 3636 5⁰
556 3569 807 3638 Rbotocismus
825 3568 864 3633 iu
882 3568 1148 3655 conjugatione.

290 3695 370 3759 Dum
384 3692 485 3758 latina
499 3692 682 3780 conjugatio
695 3692 911 3759 diversissima
926 3699 958 3758 et
973 3694 1112 3761 maxime
1126 3692 1268 3761 notanda
1282 3696 1394 3763 rhota-

246 3792 336 3857 cismi
356 3790 501 3877 exempla
520 3787 624 3868 offert,
652 3790 835 3876 conjugatio
853 3792 1035 3877 germanica
1056 3798 1182 3871 contra,
1209 3795 1331 3870 formis,
1358 3795 1393 3861 in

246 3888 361 3976 quibus
374 3910 391 3955 s
405 3895 549 3955 extrema
563 3887 615 3953 vel
629 3887 731 3954 media
754 3889 788 3953 in
807 3887 913 3953 radice
933 3889 1103 3974 reperitur,
1120 3891 1271 3976 exceptis,
1289 3911 1392 3978 pauca

244 3987 297 4052 vel
310 3987 400 4052 nulla
409 3985 562 4064 ostendit;
574 3985 658 4072 quod
668 3985 759 4051 facile
768 3984 952 4069 explicabis,
965 3988 992 4052 si
1002 3988 1165 4054 notaveris
1175 3990 1392 4076 cumprimum

118 4133 120 4136 ψ
243 4085 365 4152 nullum
379 4086 543 4171 passivum
558 4083 609 4148 vel
623 4082 771 4160 medium,
784 4084 888 4148 nisiin
898 4085 1026 4169 gothica
1040 4092 1072 4152 et
1081 4105 1242 4152 norraena
1258 4086 1392 4153 dialecto

241 4180 370 4260 habere,
382 4182 455 4248 dein
468 4183 577 4268 paucis
591 4180 786 4266 temporibus
799 4179 992 4268 flexurisque
1005 4183 1245 4269 simplicissimis
1259 4186 1318 4251 uti.

277 4421 298 4470 t.
315 4417 422 4484 lleyne,
437 4417 475 4470 id.
491 4418 544 4469 310.
555 4445 586 4455 -
599 4416 718 4481 Grimm,
734 4416 771 4469 id.
787 4419 833 4480 11²,
847 4419 892 4469 113
906 4424 935 4471 et
949 4431 1009 4484 seq.

274 4498 299 4546 2.
316 4497 433 4560 Grimm,
449 4497 485 4548 id.
505 4497 551 4559 112,
565 4498 619 4548 121.
634 4525 663 4534 -
677 4495 785 4562 lleynr,
801 4496 838 4548 id.
853 4498 906 4549 315.
