3276 5482
638 1333 883 1413 conclusio.

239 1910 379 1978 Litterae
392 1928 410 1976 s
422 1909 455 1974 in
466 1929 489 1974 r
501 1909 660 1987 transitio,
673 1927 755 1995 quae
769 1909 801 1974 in
814 1907 1003 1997 germanicis
1011 1905 1153 1974 dialectis
1164 1909 1333 1996 reperitur,

193 2007 306 2075 ultima
329 2013 387 2085 est,
414 2007 594 2094 quaemihi
621 2012 689 2072 erat
712 2005 944 2093 perpendenda.
974 2008 1076 2083 Quam
1097 2004 1337 2091 diligentissima

193 2106 287 2193 hujus
301 2106 486 2171 mutationis
499 2104 670 2189 inquisitio
688 2139 730 2152 -
745 2105 772 2169 si
791 2104 982 2170 sanseritam
997 2103 1151 2189 linguam,
1171 2103 1205 2169 in
1225 2123 1287 2191 qua
1300 2123 1337 2168 ea

194 2205 299 2269 rarius
319 2204 477 2278 occurrit,
503 2209 535 2268 et
555 2221 688 2286 graecas
710 2200 876 2278 dialectos,
905 2201 1076 2286 inquibus
1104 2221 1141 2266 ea
1167 2222 1231 2267 non
1259 2201 1338 2268 satis

194 2302 320 2388 cognita
332 2308 390 2376 est,
407 2300 577 2386 excipiam,
594 2335 636 2349 -
651 2299 727 2364 mihi
741 2300 903 2384 sequentia
918 2300 1002 2365 lacta
1017 2298 1154 2364 ostendit
1170 2315 1177 2359 :

237 2399 271 2463 1ο
291 2399 512 2465 Rhotacismus
527 2403 651 2464 tantum
670 2397 704 2463 in
721 2396 918 2464 sermonibus
936 2398 1111 2475 invenitur,
1135 2398 1190 2484 qui
1215 2417 1238 2461 r
1258 2395 1339 2464 den-

193 2496 292 2563 talem
306 2497 443 2575 habent;

237 2595 271 2661 2⁰
294 2596 337 2662 Ut
361 2615 378 2662 s
402 2595 436 2659 in
461 2613 483 2659 r
506 2592 591 2659 verti
612 2593 723 2680 possit,
751 2613 878 2661 necesse
895 2614 965 2660 essa
989 2593 1126 2673 videtur,
1151 2599 1188 2659 ut
1207 2612 1225 2659 s
1248 2595 1338 2680 prius

194 2712 310 2759 sonora
329 2692 370 2757 sit
388 2689 441 2757 vel
459 2690 537 2768 flat;
563 2713 604 2757 ex
624 2712 685 2777 quo
704 2693 917 2778 consequitur,
941 2699 989 2771 ut,
1006 2712 1103 2777 quum
1117 2711 1154 2758 ea
1168 2693 1338 2760 verborum

193 2789 377 2876 principalis
391 2794 452 2862 est,
471 2789 505 2855 in
519 2810 540 2853 r
553 2809 618 2855 non
632 2790 748 2856 mutari
763 2792 862 2877 possit
875 2796 897 2855 ¹.

238 2887 274 2953 3⁰
289 2887 315 2952 S
330 2888 363 2951 in
377 2908 398 2952 r
406 2886 474 2973 Jam
493 2907 559 2953 non
579 2889 718 2953 transire
738 2887 830 2966 solet,
854 2907 951 2972 quum
972 2905 993 2952 r
1016 2884 1152 2954 dentalis
1172 2887 1205 2952 in
1226 2884 1337 2973 lingua

195 2990 320 3051 exstare
334 2982 460 3063 desinit,
477 2984 510 3050 in
525 3004 588 3070 qua
601 3003 640 3050 ea
653 2987 736 3050 verti
749 3005 841 3071 possa
855 2984 1014 3051 videatur.

238 3082 273 3147 4ο
294 3083 322 3149 S
336 3088 479 3148 extrema
493 3083 526 3146 in
540 3103 615 3149 osca
628 3081 762 3148 dialecto
776 3103 898 3170 semper
912 3086 1046 3169 perstat,
1064 3083 1098 3147 in
1112 3080 1213 3148 latina
1226 3080 1338 3168 lingua

195 3200 320 3267 quoque
347 3186 471 3247 tantum
503 3186 632 3267 propter
665 3179 903 3249 similitudinem
930 3182 963 3247 in
990 3200 1013 3245 r
1038 3185 1194 3259 mutatur,
1224 3179 1278 3245 sed
1305 3180 1339 3246 in

194 3279 337 3344 umbrica
353 3278 486 3344 dialecto
500 3285 596 3364 atquo
610 3280 644 3344 in
657 3280 848 3367 germanicis
869 3277 1067 3345 sermonibus
1087 3277 1279 3364 saepissime,
1303 3285 1340 3345 ut

194 3375 342 3455 vidimus,
359 3377 393 3440 in
408 3396 429 3441 r
443 3381 597 3442 mutatur.

239 3475 274 3541 5⁰
288 3475 327 3540 In
340 3474 498 3541 radicibus
511 3477 594 3541 sicut
606 3475 641 3540 in
654 3473 854 3553 flexionibus,
876 3475 909 3540 in
923 3473 1065 3541 dialectis
1080 3473 1197 3540 italicis
1210 3474 1294 3540 sicut
1307 3475 1340 3541 in

195 3573 385 3659 germanicis
414 3573 627 3653 idiomatibus,
653 3593 670 3640 s
694 3575 795 3640 media
818 3581 895 3640 ante
919 3572 1033 3640 surdas
1056 3592 1180 3659 semper
1203 3578 1337 3660 perstat.

195 3672 321 3738 Perstat
334 3691 459 3757 quoque
473 3678 547 3737 ante
561 3691 705 3748 sonoras,
728 3678 862 3757 excepta
883 3678 991 3738 tamen
1010 3670 1138 3758 gothica
1158 3669 1283 3755 lingua,
1306 3672 1340 3737 in

196 3771 304 3856 quain
318 3790 337 3836 z
352 3768 497 3835 vertitur.
516 3772 594 3835 Post
608 3769 721 3835 surdas
743 3789 761 3836 a
784 3769 886 3835 media
910 3770 1007 3834 etiam
1031 3774 1163 3853 perstat,
1193 3767 1248 3834 sed
1270 3774 1341 3854 post

196 3887 327 3933 sonoras
340 3867 374 3932 in
388 3865 514 3953 gothica
527 3867 673 3946 dialecto,
689 3867 772 3933 sicut
784 3868 893 3933 lorsan
909 3868 941 3932 iu
955 3866 1111 3943 umbrica,
1128 3868 1162 3931 in
1175 3885 1195 3932 z
1209 3868 1337 3934 transit.

195 3965 234 4029 In
248 3965 380 4030 caeteris
394 3971 497 4030 autem
513 3964 628 4030 italicis
642 3970 738 4050 atque
749 3964 941 4051 germanicis
950 3963 1103 4041 dialectis,
1113 3970 1185 4049 post
1194 3984 1337 4043 sonoras,

195 4082 217 4127 r
229 4062 374 4139 tremula,
392 4063 443 4127 cui
458 4062 643 4148 plerumque
657 4061 863 4141 assimilatur,
885 4069 1032 4146 excepta,
1053 4080 1071 4127 s
1089 4060 1190 4126 media
1204 4068 1337 4146 perstat.

240 4161 275 4226 6⁰
289 4161 376 4225 Inter
391 4159 515 4225 vocales
526 4163 564 4226 ⁴in
578 4161 781 4240 thematibus,
808 4162 841 4226 in
864 4161 1008 4226 umbrica
1031 4161 1114 4226 sicut
1131 4160 1165 4225 in
1182 4179 1256 4226 osca
1273 4159 1342 4226 dia-

230 4397 251 4448 l.
267 4395 297 4448 ln
314 4408 417 4448 vocum
432 4394 572 4462 principio
586 4410 598 4445 a
612 4394 641 4448 in
656 4395 802 4449 teutonica
816 4408 894 4450 nunc
908 4407 1012 4449 sonora
1025 4399 1079 4455 est,
1094 4393 1144 4446 sed
1156 4396 1241 4446 antea
1254 4396 1341 4447 surda

196 4474 285 4527 luisse
300 4474 422 4527 videtur.
