3276 5482
743 394 901 452 -ffl-

246 504 356 573 nabor
532 506 664 574 strodor
818 513 937 574 terror
1100 513 1229 594 torpor

246 603 362 669 nudor
532 603 693 690 stringor
820 603 928 670 timor
1104 605 1197 671 udor

247 701 348 767 solor
533 704 659 786 stupor
821 707 947 786 torpor
1106 721 1196 770 onor

244 815 356 883 sapor
532 799 645 865 sudor
817 803 939 866 terror
1104 819 1216 887 vapor

245 913 352 962 conor
533 897 659 963 tardor
818 900 954 964 tremor
1102 917 1216 982 oopor

246 1011 355 1079 sopor
534 995 661 1060 tendor
820 998 940 1060 tumor
1106 995 1209 1082 oipor

246 1092 416 1176 splendor
532 1097 635 1159 tenor
821 1098 907 1159 tuor
1106 1089 1241 1160 viror¹.

247 1190 394 1274 squalor
523 1195 634 1275 ,tepor
817 1190 941 1258 turbor

291 1284 512 1354 Rhotacismus
526 1307 650 1374 quoque
662 1291 838 1374 usurpatur
851 1288 885 1354 in

358 1385 446 1451 it-or
689 1385 881 1452 illa-cr-is
1088 1383 1128 1450 of.
1147 1384 1238 1452 il-uc

358 1482 465 1548 lat-er
690 1482 850 1549 lot-er-is
1147 1484 1240 1548 lotus

358 1578 502 1646 verb-er
689 1579 881 1646 verbor-is
1079 1579 1128 1645 lit.
1146 1578 1281 1645 oieb-os

246 1679 355 1763 atque,
372 1682 407 1743 ut
421 1677 559 1757 videtur,
578 1678 612 1743 in

349 1793 434 1840 acer
482 1786 488 1792 '
544 1773 670 1861 pibber
782 1775 882 1841 lover
988 1775 1078 1840 siler
1190 1773 1291 1841 tuber

351 1871 446 1937 cicer
545 1874 641 1939 laser
784 1873 917 1938 mulier
989 1872 1095 1939 sober
1190 1870 1292 1938 triber

247 1967 330 2034 siout
347 1968 380 2033 in
397 1988 541 2053 aequor,
559 1970 723 2055 solpun—
735 1968 830 2056 juxta
852 1969 1011 2058 stilpon·
1034 1971 1199 2035 lemures.
1224 1969 1391 2035 Invenitur

248 2085 373 2153 quoque
386 2066 420 2132 in
434 2067 624 2152 quibusdam
637 2066 814 2154 adjectivis,
831 2075 867 2135 ut
884 2089 891 2133 :

158 2164 161 2166 ’
382 2166 507 2243 σει-εν,
608 2165 770 2231 cel-er-is
1083 2164 1125 2231 cf.
1141 2163 1247 2241 aalma

380 2263 516 2340 dec-or,
609 2264 781 2331 dac-or-is
1037 2263 1132 2351 juxta
1146 2262 1243 2329 decus

380 2362 580 2448 cte-peno,
607 2361 847 2448 de-yener-is
1142 2379 1255 2447 genus.

249 2460 287 2526 ln
300 2459 435 2526 caeteris
448 2463 555 2524 autem
564 2458 739 2535 vocabulis,
749 2478 831 2544 quae
842 2458 876 2523 in
888 2477 941 2537 er,
951 2476 993 2525 or
1003 2457 1164 2538 desinunt,
1178 2457 1240 2523 hae
1248 2454 1392 2523 flexurae

248 2576 291 2624 ex
304 2577 360 2634 or,
379 2576 438 2636 oo,
457 2562 516 2623 tor
529 2562 616 2624 ortae
630 2564 721 2635 sunt;
736 2557 868 2643 ideoque
882 2556 1004 2625 nullum
1015 2556 1200 2624 rhotacismi
1212 2553 1392 2642 exemplum

247 2652 439 2741 praebent2.

289 2752 322 2841 γ)
341 2751 596 2839 Comparativus‚
621 2774 718 2839 quum
740 2774 798 2842 per
820 2753 1053 2842 adjunctionem
1076 2752 1218 2839 syllabae
1237 2752 1300 2827 ios,
1318 2752 1388 2819 ius·

253 2847 329 2939 [scr.
343 2847 475 2938 jobab,
494 2857 560 2938 got.
581 2850 704 2941 Μανῆ]
718 2851 882 2930 formetur,
898 2854 932 2918 in
946 2852 1073 2918 casibus
1088 2850 1224 2937 obliquis
1240 2869 1257 2915 s
1272 2848 1392 2915 mediae

248 2949 473 3015 rhotaoismum
486 2949 636 3027 ostendit,
655 2957 691 3016 ut
708 2972 715 3016 :

246 3045 374 3114 mal-ius
387 3048 584 3120 ancl-ior-is
596 3048 638 3115 cf.
654 3049 846 3113 mel-ios-em
862 3047 984 3114 darm.
998 3047 1065 3113 sol.
1084 3044 1289 3111 maios-ibus
1303 3045 1388 3111 Fest.

247 3147 336 3212 Haec
356 3142 454 3211 flexio
478 3146 532 3212 ios
551 3145 587 3210 in
607 3146 803 3212 nominativo
826 3145 982 3230 singulari
1004 3145 1099 3211 trium
1119 3162 1271 3230 generum
1290 3160 1390 3227 usque

246 3241 288 3308 ad
314 3244 461 3328 quintum
487 3242 629 3309 seculum
658 3249 811 3330 usurpata
838 3243 917 3320 fuit;
944 3242 1000 3308 sed
1023 3261 1121 3327 quum
1140 3259 1158 3306 s
1180 3238 1282 3306 media
1310 3241 1342 3304 in
1370 3258 1391 3302 r

136 3357 138 3365 ²
248 3341 440 3417 transiisset,
469 3341 523 3406 ios
548 3348 678 3426 propter
703 3339 938 3407 similitudinem
961 3343 995 3405 in
1017 3341 1215 3405 nominativo
1237 3336 1390 3425 singulari

247 3437 496 3504 masculinorum
510 3438 796 3524 femininorumque
809 3441 843 3504 in
857 3440 915 3504 ior
929 3444 1025 3524 atque
1040 3438 1073 3501 in
1088 3443 1274 3503 neutrorum
1287 3437 1391 3502 nomi-

119 3605 122 3618 ,
248 3535 357 3602 nativo
371 3537 619 3623 accusativoque
633 3536 789 3624 singulari
803 3538 837 3602 in
850 3537 907 3603 ius
920 3543 1077 3602 mutatum
1094 3535 1154 3601 fuit
1164 3532 1190 3598 ³.

291 3631 320 3720 δ)
346 3632 451 3708 Quum
473 3631 689 3718 superlativus
713 3634 936 3700 terminatione
959 3634 1066 3698 timus
1088 3632 1222 3697 themati
1242 3629 1392 3717 adjuncta
1482 3633 1484 3637 ’

247 3730 414 3808 formetur,
431 3730 553 3796 nullum
569 3732 754 3798 rhotacismi
775 3731 954 3817 exemplum
976 3730 1118 3815 praebet,
1144 3728 1199 3796 sed
1221 3728 1301 3794 haec
1321 3729 1391 3794 soni

247 3827 433 3913 depravatio
447 3828 480 3894 in
498 3829 640 3917 genitivo
651 3830 769 3915 plurali
792 3828 1020 3915 adjectivorum
1035 3827 1255 3894 articularium
1272 3826 1393 3912 reperi-

248 3932 313 4005 tur,
330 3931 365 3992 ut
379 3977 388 3990 ⁵
479 4031 599 4076 eorum
798 4030 920 4076 ‹ra-rom
1121 4029 1239 4074 eorum

406 4107 466 4180 got.
483 4103 545 4164 i-za
803 4105 867 4164 i-zo
1124 4101 1185 4162 ize

406 4207 465 4254 scr.
482 4185 581 4252 e-iam
801 4200 902 4254 a-sam
1123 4181 1231 4250 etam.

280 4375 716 4443 tfflmfflwfflbmt

279 4454 355 4510 bct.
373 4456 427 4509 Leo
440 4456 543 4524 Meyer,
559 4456 594 4509 id.
611 4457 644 4521 ΙΙ,
663 4459 716 4521 119,
736 4458 787 4511 tat.

281 4536 304 4589 3.
321 4535 360 4590 cl.
374 4535 524 4600 bacheler,
537 4534 574 4589 id.
592 4538 614 4590 t.
