3276 5482
744 372 882 429 ..8-

288 483 406 552 Eadem
419 480 605 550 assimilatio
619 482 653 548 in
666 480 776 550 dorica
790 480 925 548 dialecto
938 481 1112 561 invenitur,
1132 487 1170 547 ut
1185 499 1194 546 :

420 591 523 674 κόρρας
536 593 590 652 att.
605 589 693 672 κόῤῥη
813 604 869 667 pro
881 591 968 672 κόρση
983 585 1119 668 (puella).

421 685 559 772 Ὀῤῥιπος
882 683 1028 770 Ὄρσιπος.

421 787 525 870 πυρρός
883 788 986 869 πυρσὸς
1002 782 1087 866 (iat),
1102 782 1185 848 eiad.

287 887 437 953 Attamen
450 908 467 944 σ
480 892 550 970 post
565 918 579 976 ρ
593 905 715 973 semper
727 889 871 971 perstare
882 884 1020 963 ridetur,
1041 904 1137 972 quum
1157 882 1387 951 terminationis

243 1005 318 1072 pars
331 985 518 1072 principalis
532 991 592 1062 est,
610 991 645 1051 ut
663 1005 670 1048 :

502 1091 594 1173 ἄρ-σις
611 1088 735 1172 (elatio),
753 1090 845 1173 ἄρ-σω
864 1088 1033 1171 (irrigabo),
1048 1094 1105 1152 etc.

287 1191 353 1258 Con
354 1190 477 1278 junctio
493 1213 526 1273 ρσ
538 1189 607 1256 sola
621 1191 655 1255 in
668 1208 785 1277 graeca
799 1189 924 1277 lingua,
939 1189 991 1254 vel
1005 1195 1092 1255 certe
1105 1189 1139 1256 in
1152 1189 1257 1255 ionica
1272 1187 1388 1254 attica-

242 1309 303 1376 que
316 1288 450 1356 dialecto
464 1288 670 1355 mutationem
685 1288 838 1374 spirantis
849 1309 866 1348 σ
876 1287 910 1352 in
924 1286 1096 1353 tremulum
1109 1318 1124 1376 ρ
1138 1282 1315 1363 ostendit²;
1332 1283 1387 1351 sed

243 1389 277 1453 in
289 1385 477 1474 quibusdam
490 1385 620 1451 aeolicis
634 1403 674 1450 ac
687 1386 885 1471 potissimum
901 1387 934 1450 in
950 1385 1058 1451 dorica
1075 1384 1233 1450 Laconiae
1250 1377 1387 1449 dialecto

243 1485 364 1571 aliquot
391 1481 530 1570 ejusdem
556 1480 703 1569 exempla
728 1479 968 1568 reperiuntur³.
998 1482 1061 1548 Elii
1084 1484 1168 1548 enim
1195 1487 1227 1548 at
1255 1481 1384 1559 bactrii,

243 1589 373 1649 auctore
392 1581 547 1649 Strabone
560 1578 587 1658 ⁴,
611 1581 646 1645 in
663 1581 817 1646 extremis
835 1581 966 1646 vocibus
987 1587 1085 1666 atque
1106 1581 1140 1645 in
1161 1578 1285 1657 mediis,
1306 1598 1387 1667 quae

243 1678 368 1768 quidem
382 1676 540 1744 consuedo
561 1697 603 1742 ex
622 1678 668 1744 eis
688 1675 729 1743 ad
750 1675 937 1744 Chalcidena
957 1677 1123 1745 transiisse
1140 1675 1297 1755 videtur⁵,
1319 1674 1387 1742 cin

245 1810 259 1868 ρ
276 1775 456 1854 mutabant,
473 1795 569 1860 quam
579 1775 620 1842 oh
633 1775 859 1862 proprietatem
872 1796 982 1844 eorum
997 1776 1121 1862 bagua,
1143 1781 1179 1841 ut
1192 1774 1289 1840 refert
1303 1776 1387 1840 Eus-

243 1875 375 1952 tathius‚
391 1875 532 1941 barbara
544 1872 627 1941 dicta
634 1869 722 1940 futu.
733 1874 865 1960 Antiqui
874 1875 1018 1961 exempla
1029 1874 1217 1940 mutationis
1227 1872 1388 1939 cextremi

243 1973 354 2040 Eliaca
383 1969 521 2038 afferunt
547 1967 641 2055 οὗτορ,
663 1973 761 2055 irrep,
782 1972 875 2056 δίιαρ,
913 1974 1115 2040 Eretriacum
1141 1973 1311 2054 σιληροτήρ.
1350 1973 1387 2037 In

243 2071 367 2138 foedere
387 2069 522 2157 quodam
541 2068 692 2135 Eleorum
710 2075 742 2136 et
760 2067 1010 2137 Heraoensium⁷
1034 2069 1187 2157 leguntur
1209 2075 1269 2151 τοῖρ
1291 2074 1325 2136 et
1344 2091 1387 2151 τιρ

243 2189 301 2257 pro
321 2174 384 2243 τοῖς
402 2174 435 2234 et
452 2185 508 2241 τις;
534 2167 588 2234 sed
607 2167 728 2253 reliqua
752 2167 907 2235 vocabula
930 2187 938 2232 :
961 2165 1106 2246 Ραληΐοις,
1128 2173 1190 2244 τοῖς
1212 2166 1384 2261 diplomate,

248 2265 411 2341 ἀλλάλοις,
432 2264 531 2341 liuor,
558 2264 657 2342 Ε’έτας,
682 2265 785 2344 δᾶμος,
813 2288 829 2327 a
856 2272 1034 2333 extremum
1056 2274 1184 2335 etanta
1204 2266 1332 2335 vocales
1355 2271 1388 2332 et

244 2372 318 2433 ante
346 2369 559 2431 consonantes
582 2369 729 2443 servant,
757 2365 804 2429 ita
827 2370 863 2429 ut
889 2361 1010 2431 nullam
1033 2364 1136 2452 legem
1160 2372 1283 2434 certam
1308 2363 1387 2431 haec

244 2463 379 2530 mutatio
393 2462 482 2547 sequi
494 2459 650 2528 rideatur.

286 2560 324 2627 In
353 2557 566 2647 epigraphiois
595 2557 798 2625 Athenarum
831 2558 1080 2648 ephemeridibus
1111 2558 1276 2649 cujusdam
1303 2562 1388 2627 inter

243 2656 402 2725 Eretriam
425 2662 457 2723 et
476 2656 588 2724 lstiam
607 2655 752 2735 foederis,
777 2676 863 2725 anno
889 2657 1029 2726 GCCLX
1049 2664 1125 2724 ante
1146 2657 1307 2726 Christum
1327 2679 1388 2726 na-

244 2762 312 2824 tum
326 2756 392 2836 icti,
408 2756 624 2842 fragmentum
638 2754 767 2841 legitur,
784 2754 868 2843 quod
881 2783 898 2819 σ
911 2754 1047 2822 medinm
1067 2756 1151 2823 inter
1168 2754 1247 2824 duaa
1260 2756 1387 2825 vocales

277 2994 298 3043 t.
316 2990 437 3052 threna,
454 2992 495 3042 De
507 3002 619 3054 maeror
634 2990 742 3056 linquae
754 2990 882 3052 marmus,
896 2990 931 3055 11,
948 2991 1001 3044 102.

274 3073 299 3124 2.
315 3070 436 3125 lacobus
447 3069 554 3124 Grimm
568 3070 729 3126 declarabat
741 3071 915 3125 vocabulum
928 3075 981 3142 θήρ,
995 3073 1074 3142 θηρός,
1095 3072 1171 3140 quod
1187 3083 1254 3127 cum
1271 3071 1387 3138 gothico

244 3151 313 3214 dtus,
325 3163 451 3218 anpsax.
461 3150 532 3210 deor,
543 3154 613 3206 taut.
623 3154 683 3210 tter.
694 3152 866 3216 conferebat,
882 3151 1048 3220 exemplum
1059 3152 1386 3219 rhotacismipraehere3

244 3231 330 3286 credo
350 3236 449 3285 autem
471 3230 680 3297 peritissimum
702 3231 923 3297 grammaticum
944 3232 975 3286 in
996 3232 1053 3287 hoc
1074 3245 1202 3294 errasse:
1226 3231 1286 3284 dtur
1308 3232 1388 3286 enirn

244 3310 360 3366 videtur
372 3324 431 3365 non
445 3324 462 3365 e
476 3311 572 3365 radica
586 3324 625 3365 sc.
636 3312 716 3376 dha,
731 3325 772 3379 gr.
784 3317 824 3366 tr·
837 3314 984 3379 (currere),
1000 3312 1050 3367 sed
1066 3324 1081 3366 a
1095 3311 1190 3366 radice
1204 3312 1253 3363 dus
1267 3324 1341 3378 quae
1357 3311 1388 3365 in

245 3391 351 3446 alarico
364 3383 431 3445 dola
447 3390 564 3457 (anima)
584 3390 741 3455 invenitur,
762 3400 868 3447 ortum.
888 3392 926 3446 Gt.
948 3392 1069 3457 (irimm,
1090 3393 1236 3446 emebatis
1250 3393 1387 3448 dedect-

244 3472 325 3525 seben
336 3472 482 3537 Spraclrez
494 3473 550 3524 222.
562 3499 592 3510 -
606 3471 661 3525 Leo
670 3472 772 3538 meyer,
786 3477 838 3527 Dte
850 3472 983 3538 cocturae
995 3474 1122 3539 Spraobe,
1136 3474 1230 3526 tta·
1238 3473 1391 3540 zeitschrift

244 3551 291 3617 [ιιι
304 3549 501 3617 ιιτνρὶειοὶιοιιάε
511 3548 769 3618 spruohsorschcnp,
785 3552 859 3606 xxti
874 3554 926 3619 (ιι),
940 3554 965 3614 2,
981 3554 1032 3606 190.

276 3631 363 3685 credo
380 3643 594 3698 supervacuum
611 3643 675 3684 esse
689 3631 725 3684 da
741 3631 890 3686 uocabulis
912 3636 945 3685 ut
961 3635 1099 3695 erasme,
1114 3634 1281 3700 breue-ratpot
1294 3631 1374 3700 loqui
1380 3647 1388 3695 ;

245 3710 275 3763 in
291 3709 338 3764 hia
351 3710 429 3764 anim
444 3730 461 3764 σ
474 3709 504 3764 iu
518 3730 531 3778 ρ
546 3723 604 3764 non
618 3715 755 3775 mutatur,
774 3711 824 3764 sed
841 3713 915 3765 duaa
932 3710 1151 3766 terminationes
1164 3712 1291 3779 dispares
1302 3731 1345 3774 της
1358 3715 1389 3767 et

245 3792 339 3858 τήρ-ιον
355 3791 407 3855 (sc.
421 3793 472 3854 tar,
489 3790 536 3844 lat.
551 3791 602 3855 tor)
621 3797 806 3858 usurpantur.
818 3819 850 3831 -
863 3792 913 3845 Ad.
923 3791 1051 3858 Regniar,
1065 3795 1174 3846 haam
1187 3805 1315 3860 armti.
1330 3805 1386 3848 xer.

275 3872 300 3924 3.
314 3870 435 3934 Ahrens,
451 3875 493 3925 De
505 3885 616 3936 maceca
627 3871 877 3938 linoauscdtuteotis,
892 3873 912 3937 1,
927 3873 1075 3937 utu-11,
1089 3876 1117 3926 71
1132 3876 1162 3927 et
1176 3886 1199 3928 s.

276 3952 299 4004 4.
317 3950 423 4015 Strabo,
438 3951 472 4015 X,
484 3953 539 4004 686.
554 3955 596 4005 De
608 3953 712 4005 Eretria
727 3969 737 4004 .·
753 3955 865 4012 ἐποίκους
881 3956 974 4021 &lepor
992 3957 1035 4007 ἀπ’
1056 3954 1160 4018 midae,
1183 3958 1224 4021 ἀφ’
1240 3956 1269 4008 οὗ
1289 3956 1331 4008 καὶ
1350 3951 1386 4026 τῷ

244 4034 369 4103 γράμματι
378 4041 414 4100 τῷ
425 4038 527 4102 ρπολλῷ
539 4037 686 4102 χρησάμενοι
699 4037 744 4088 οὐκ
758 4039 798 4089 ἐπὶ
810 4040 873 4088 τέλει
890 4038 960 4102 μόνον
973 4043 1021 4088 τῶν
1035 4039 1147 4106 ῥημάτων
1159 4040 1220 4091 ἀλλὰ
1229 4041 1272 4090 aeui
1283 4040 1307 4090 tv
1318 4041 1387 4106 μίσῳ

244 4116 441 4180 ιιτιιωμῴδηνται.

276 4197 299 4247 5.
315 4193 414 4247 suidas
435 4209 457 4248 s.
478 4208 505 4247 v.
526 4198 689 4263 χαλκιδίζιινι
713 4201 781 4250 ἄλλοι
802 4200 829 4250 δὲ
851 4200 892 4251 ἐπὶ
916 4204 960 4251 τοῦ
980 4201 1132 4268 ρωταιιίζιιν,
1156 4201 1209 4253 ἐπεὶ
1227 4201 1324 4254 aarum
1345 4202 1387 4252 ιιτὶ

140 4267 143 4272 ’
249 4273 377 4344 Ἐρετριεῖς
391 4277 491 4328 δοκοῦσι
503 4283 539 4343 τῷ
554 4296 567 4344 ρ
582 4280 724 4345 κατακόρως
736 4281 823 4345 χρῆθαι
838 4282 880 4330 aul
895 4281 949 4332 ἀντὶ
960 4286 1004 4332 τοῦ
1019 4283 1157 4340 assiduare.

274 4356 298 4408 6.
319 4355 508 4422 Ἐκωμῳδοῦντο
521 4359 548 4410 tt
561 4361 584 4410 οῐ
601 4358 730 4426 Ἐριτριεῑς
743 4363 776 4419 ὡς
792 4363 873 4426 πολλῷ
886 4362 922 4426 τῷ
937 4379 950 4427 ρ
966 4363 991 4414 ἐν
1008 4366 1062 4421 ταῖς
1078 4361 1181 4428 ὁμιλίαις
1202 4363 1330 4430 χρώμενοι,
1347 4363 1387 4415 διὸ

244 4436 286 4485 καὶ
299 4437 369 4487 αὐτοὶ
379 4439 421 4487 aci
437 4437 529 4489 Ἦλιῖοι
543 4439 723 4507 βαρόιιρόρωιοι
738 4440 876 4492 ‘aalma
890 4441 946 4504 279,
961 4440 1000 4493 34.

275 4515 299 4567 7.
313 4514 434 4580 threna,
450 4514 488 4569 id.
504 4515 525 4581 1,
538 4517 595 4570 tto.
