3276 5482
745 366 904 426 „40-

412 483 518 564 νὲτωρ·
540 479 649 565 νεκρός.

414 582 492 663 etp·
513 585 594 655 τοῦς.

414 676 517 762 aetite
530 692 584 757 pro
598 675 701 752 tutti<
716 697 725 715 ·
747 676 881 751 θύλακος.

414 777 458 858 sip
476 797 484 812 ·
505 777 559 851 τίς.

255 872 330 942 Non
344 871 439 942 aliter
451 876 485 941 in
497 874 619 943 neutris
632 874 666 941 in
681 872 822 962 quihuse
838 872 984 940 thematis
995 891 1071 959 pars
1084 879 1134 940 est
1151 893 1158 938 :
1233 930 1236 935 .

412 971 575 1055 ἅγλευκὲρ·
598 968 695 1046 adhoc.

413 1071 555 1152 oleos·
577 1067 725 1151 ὀχύρωμα·

298 1163 328 1255 δ)
344 1165 570 1236 Nominativus
584 1166 716 1254 pluralis
729 1168 843 1235 tertiae
855 1164 1090 1246 declinationis,
1107 1172 1144 1232 ut
1158 1185 1165 1231 :

413 1266 551 1349 ζτὺγωνερ
568 1286 576 1303 ·
599 1265 665 1343 βόες
677 1264 804 1348 ἐργάται.

413 1361 565 1446 aeolides·
587 1363 730 1445 παρθένων
747 1365 844 1445 χόρος.

256 1459 446 1530 Addendum
459 1466 509 1529 est

413 1561 572 1643 νεικάαντερ
585 1575 641 1639 pro
653 1562 826 1638 νικήσαντες,

255 1655 340 1744 quod
352 1655 543 1724 vocabulum
563 1658 597 1725 in
615 1655 753 1745 quadam
772 1657 978 1745 inscriptione
996 1655 1140 1724 laconica
1159 1656 1256 1723 Marii
1277 1654 1401 1722 Aurelii

253 1759 397 1840 tempore
416 1755 502 1822 facta
523 1757 716 1845 repertura
741 1754 967 1825 Rhotacismus
991 1774 1116 1845 quoque
1140 1753 1401 1844 insequentibus

255 1851 416 1921 adverbiis
429 1861 605 1940 usurpatur
621 1874 629 1920 :

414 1949 598 2036 daadoldmp·
621 1950 762 2039 ἐκμελῶς.

416 2048 511 2133 tithp-
532 2051 613 2130 ἴσως,
631 2050 742 2128 σχεδόν.

414 2148 490 2230 ἔναρ,
508 2147 609 2232 ἐπέντρ
625 2169 633 2187 ·
655 2148 697 2223 εἰς
709 2147 816 2231 τρίτην,
832 2145 873 2223 εἷς
888 2148 1033 2230 τετάρτην.
1129 2218 1132 2222 ,

298 2244 334 2311 2⁰
354 2245 459 2331 Igitur
480 2245 546 2313 fere
568 2246 674 2312 omnia
695 2245 866 2312 uerborum
885 2264 1004 2333 genera
1026 2246 1232 2314 mutationem
1254 2245 1400 2335 sigmatis

255 2345 391 2409 extremi
402 2344 436 2410 in
456 2371 472 2432 ρ
494 2346 676 2433 patiuntur3
691 2343 786 2409 medii
796 2350 901 2410 autem
910 2344 1101 2412 adulteratio
1110 2345 1211 2412 multo
1219 2347 1399 2424 rariorest;

255 2439 322 2516 sed,
339 2439 423 2527 quod
436 2441 610 2508 notandum
621 2448 682 2521 est,
699 2461 764 2507 non
778 2440 862 2506 inter
874 2440 953 2507 duas
966 2442 1105 2522 vocales,
1127 2460 1186 2529 pro
1204 2448 1400 2509 consonante

256 2557 370 2605 sonora
382 2538 435 2604 vel
448 2540 545 2606 etiam
559 2538 656 2606 surda
669 2541 749 2606 haec
761 2539 832 2605 soni
845 2538 1032 2626 depravatio
1047 2545 1232 2629 usurpatur,
1250 2546 1287 2608 ut
1303 2560 1311 2605 :

414 2638 559 2720 μιργάόωρ
575 2658 582 2674 ·
604 2637 637 2699 τὸ
650 2637 780 2717 lundona
793 2650 847 2715 pro
862 2639 1000 2716 μιτρήως.

415 2734 555 2817 μίργωσαι
571 2755 579 2772 ·
601 2735 741 2812 amicietur
754 2748 810 2813 pro
824 2733 981 2814 μίσγουσαι.

416 2836 563 2913 esiam·
586 2832 686 2912 aime·

414 2928 577 3012 παρτάδες·
599 2927 752 3008 dunelm&

298 3023 431 3094 Nullum
444 3028 478 3092 in
491 3027 625 3093 caeteris
637 3026 754 3095 doricis
767 3026 912 3096 dialectis
932 3025 1073 3116 ejusdem
1092 3028 1277 3095 mutationis
1289 3048 1400 3094 exem-

255 3123 343 3212 plum
357 3124 529 3204 invenitur,
546 3125 608 3192 nisi
622 3128 686 3208 τεόρ
704 3126 767 3205 (τοῦ)
783 3125 910 3204 cretica,
922 3125 991 3193 loco
1002 3128 1076 3203 τέος,
1092 3125 1219 3213 quoalii
1231 3126 1401 3195 Dorienses

255 3222 437 3290 utebantur.
462 3223 523 3291 Sed
544 3225 751 3310 quantumvis
770 3226 860 3292 varia
879 3225 1062 3293 rhotacismi
1084 3224 1244 3311 exempla,
1265 3245 1347 3313 quae
1367 3226 1401 3294 in

255 3319 382 3408 graecis
403 3321 548 3389 dialectis
567 3323 781 3408 reperiuntur,
799 3323 875 3401 sint,
897 3342 962 3390 non
978 3328 1085 3390 tamen
1101 3322 1205 3389 torma
1224 3324 1401 3391 communis

255 3417 360 3485 iactus
373 3424 433 3499 est,
448 3426 544 3506 atque
552 3419 586 3486 in
597 3419 799 3486 idiomatibus
808 3420 934 3508 ingenio
943 3421 1133 3507 scriptorum
1142 3440 1255 3508 parurn
1264 3419 1401 3488 excultis

256 3515 358 3583 solum
371 3523 556 3603 usurpatur.
573 3516 711 3584 Prorsus
725 3517 820 3584 aliter
832 3519 867 3585 in
879 3516 1024 3586 dialectis
1046 3517 1161 3586 italicis
1179 3516 1250 3597 luit,
1272 3516 1312 3585 de
1325 3520 1399 3605 qui·

255 3611 316 3681 hus
329 3633 416 3682 nunc
428 3614 506 3682 mihi
517 3619 567 3682 est
580 3613 808 3684 disserendum.

290 3870 313 3921 t.
326 3866 405 3921 Mem.
419 3868 453 3922 oe
465 3868 493 3922 to
505 3869 608 3923 serim
618 3869 652 3923 de
664 3869 838 3938 ltnouuttquoe,
853 3871 886 3936 11,
903 3871 957 3924 ata.

287 3949 311 4002 2
331 3948 452 4012 threno,
473 3948 511 4004 id.
535 3949 568 4013 11,
585 3952 625 4005 7t.
643 3978 676 3991 -
693 3950 807 4017 tegitur
819 3964 935 4019 quoque
952 3949 984 4003 in
997 3947 1267 4003 tacedemontorum
1283 3947 1400 4004 decreto

257 4031 357 4082 eontra
370 4028 562 4094 Timotheum,
583 4030 661 4098 quod
680 4030 764 4085 nohis
783 4030 919 4086 Boethius
939 4029 1085 4084 servarit:
1105 4031 1258 4098 Truteopt
1280 4032 1400 4099 Μιλήσιορ

256 4112 455 4180 παραγινόμενος).
470 4112 516 4179 τὰρ
529 4112 615 4181 hiup.
632 4112 683 4181 τὼρ
696 4113 766 4181 step.
787 4111 841 4164 Sed
861 4110 930 4165 huic
942 4110 1118 4167 documento
1133 4109 1207 4165 nihil
1222 4109 1401 4165 auctoritatis

258 4203 321 4246 esse
335 4191 454 4246 videtur.
469 4218 499 4234 ··
514 4191 550 4245 Gi.
567 4191 696 4257 ltathiae,
711 4192 748 4246 id.
764 4192 785 4254 1,
800 4193 840 4246 to.
