3276 5482
743 405 901 462 ..53-

293 520 473 605 Antequam
492 516 576 585 hanc
597 517 890 583 commentationem
913 517 1088 593 absolvam,
1117 535 1233 603 operae
1254 515 1390 601 pretium

246 622 299 683 ost
316 616 476 703 inquirere
495 634 558 700 quo
578 619 718 700 tempore
737 615 937 700 germanicae
950 614 1076 680 dialecti
1096 634 1114 680 r
1134 615 1167 679 in
1186 613 1388 693 everterint.

248 717 352 793 Quum
367 715 447 780 haec
460 713 591 779 mutatio
605 712 638 777 in
650 713 778 798 gothica
791 712 901 798 lingua
916 732 981 778 nou
994 713 1161 799 reperitur,
1176 710 1249 776 inde
1259 717 1390 798 apparet

247 812 351 880 altera
363 812 471 898 oriani
486 810 585 877 seculi
598 817 688 895 parte
701 829 719 876 s
730 811 764 875 in
778 830 801 875 r
813 809 952 875 nondum
965 811 1143 886 transiisse
1159 815 1301 875 attamen
1313 829 1391 875 usus

246 908 373 977 litterae
389 928 410 975 z
428 909 461 975 in
480 907 609 996 gothica
630 908 739 993 lingua
763 907 796 972 in
815 907 978 974 vocabulis
995 927 1077 992 quae
1094 908 1230 994 primum
1243 926 1261 973 a
1274 906 1392 972 habere

248 1007 438 1086 debuerunt,
457 1005 701 1090 substitutioque
724 1006 856 1070 ulterior
876 1005 1003 1071 litterae
1018 1024 1041 1069 r
1059 1004 1213 1070 inlocum
1234 1004 1299 1068 cin
1314 1023 1391 1089 ger-

248 1106 383 1173 manicis
395 1104 537 1171 dialectis
550 1103 627 1168 mihi
641 1102 782 1168 indicare
796 1102 922 1169 videtur
935 1103 1020 1168 hane
1033 1101 1252 1167 transitionem
1265 1100 1391 1166 litterae

248 1203 322 1270 cin
338 1221 370 1281 ι,
393 1202 424 1268 id
441 1207 501 1279 est,
517 1200 654 1286 primum
675 1200 809 1286 gradum
831 1199 968 1265 medium
988 1199 1263 1283 necessariumque
1281 1203 1391 1264 muta·
1431 1227 1432 1231 ¹

248 1300 377 1367 tionisa
397 1301 431 1365 in
449 1319 472 1364 r
490 1299 558 1386 jam
577 1299 674 1365 fuisse
694 1299 883 1374 absolutam,
907 1318 1003 1382 quum
1025 1296 1104 1363 haec
1125 1298 1259 1362 mutatio
1276 1301 1390 1362 contra

247 1397 387 1465 nondum
403 1398 551 1485 usurpari
571 1397 735 1483 coepisset.
756 1396 934 1463 Vandalica
956 1402 1061 1461 autem
1085 1401 1180 1480 atque
1201 1394 1391 1481 visigothica

248 1496 376 1563 nomina
397 1494 663 1580 Hoomerdiyue
683 1492 943 1580 (Hoamizdeigs),
969 1493 1172 1579 ordulplus
1195 1490 1388 1581 (Hundulfs),

248 1590 476 1659 Noribordus
497 1587 710 1681 (Nasibardsl,
734 1609 814 1676 quae
835 1590 966 1677 septimo
983 1590 1091 1655 seculo
1109 1594 1293 1667 occurrunt,
1319 1607 1391 1654 eam

242 1688 312 1777 jam
324 1685 466 1755 effectam
479 1687 650 1754 ostendunt
662 1686 686 1751 ¹.
703 1687 930 1772 Antiquissima
940 1707 1065 1772 quoque
1079 1686 1256 1753 teutonicae
1264 1685 1391 1773 linguae

247 1791 463 1864 monumenta,
479 1785 622 1852 carmina
634 1787 749 1871 quippe
761 1785 886 1870 magica
895 1789 928 1850 et
937 1785 1137 1871 baptismatis
1146 1790 1223 1849 vota
1237 1802 1257 1848 a
1271 1784 1391 1850 Jacobo

247 1883 370 1951 Grimm
389 1883 423 1947 in
440 1882 545 1948 lucem
564 1882 658 1961 edita,
682 1901 828 1968 quaeque
845 1882 991 1976 quamvis
1010 1888 1135 1949 tantum
1149 1881 1271 1947 decimo
1282 1879 1391 1946 seculo

248 1982 377 2068 scripta,
389 1981 457 2069 jam
473 1987 564 2047 sexto
580 1980 634 2047 vel
652 1982 784 2068 septimo
796 1981 969 2065 composita
985 1982 1124 2055 fuerunt,
1146 1999 1163 2046 c
1181 1980 1215 2044 in
1227 2000 1249 2044 r
1262 1997 1390 2045 versam

247 2076 485 2155 demonstrant;
506 2083 566 2143 ut:

401 2220 467 2268 era
786 2208 852 2288 got.
881 2202 946 2269 izos
1115 2198 1209 2289 (ejus)

400 2299 481 2366 diro
784 2305 850 2384 got.
880 2300 928 2364 ize
1115 2296 1251 2384 (eorum)

399 2396 592 2483 nerjentoc
781 2401 851 2483 got,
878 2393 1057 2483 nasjandan
1115 2392 1359 2484 (salvatorem)²

246 2520 322 2589 Non
341 2518 435 2587 aliter
456 2522 491 2586 in
513 2545 530 2581 «
554 2520 785 2587 Exhortatione
806 2519 846 2587 ad
867 2520 989 2607 plebem
1011 2519 1233 2599 christianam,
1260 2546 1278 2580 s
1306 2539 1390 2605 quae

247 2625 360 2687 octavo
373 2617 481 2687 seculo
493 2621 612 2706 scripta
625 2620 696 2699 fuit,
720 2620 873 2706 rubique
893 2619 926 2685 in
949 2639 967 2686 s
988 2619 1092 2685 locum
1106 2618 1278 2685 substituta
1289 2637 1390 2705 appa-

246 2722 310 2795 rot,
323 2720 359 2785 ut
372 2735 381 2781 :

400 2832 436 2899 ir
782 2839 849 2920 got.
878 2833 938 2917 jus
1117 2832 1199 2920 (vos)

400 2931 491 2998 dero
780 2936 847 3016 got.
877 2932 962 3013 luizos
1119 2927 1230 3019 (illius)

399 3026 566 3094 lto-terea
779 3033 845 3114 got.
875 3027 991 3115 laisjan
1116 3026 1272 3115 (edocere)

400 3143 444 3190 er
781 3130 849 3210 got.
879 3126 907 3191 is
1121 3124 1174 3212 (is)

401 3241 449 3288 ur
784 3228 850 3308 got.
878 3242 921 3290 us
1120 3222 1188 3311 (ex)

400 3319 470 3387 wir
781 3326 847 3407 got.
873 3321 947 3387 ocis
1117 3318 1215 3408 (nos),
1228 3316 1317 3386 etc.³

245 3442 287 3511 In
308 3443 486 3530 fragmento
505 3445 654 3511 carminis
676 3444 714 3510 de
732 3444 956 3521 Hildehrando,
975 3443 1057 3532 quod
1072 3445 1196 3531 quidem
1210 3451 1323 3511 octavo
1336 3443 1390 3510 vel

246 3560 332 3608 nono
353 3541 460 3609 seculo
481 3543 633 3629 scriptum
653 3541 724 3621 fuit,
744 3543 799 3608 sed
812 3550 899 3610 certe
913 3544 1005 3629 longe
1023 3550 1117 3610 antea
1138 3543 1313 3610 canebatur
1321 3540 1348 3621 ⁴,
1370 3561 1388 3608 a

245 3639 345 3706 etiam
357 3639 391 3705 in
404 3660 426 3704 r
440 3639 586 3707 omnibus
600 3641 634 3705 in
647 3639 810 3706 vocabulis
825 3646 947 3707 mutata
963 3642 1130 3728 reperitur.

290 3736 392 3825 Igitur
404 3737 583 3804 teutonicae
597 3736 722 3805 dialecti
736 3746 827 3805 sexto
841 3739 893 3804 vel
906 3741 1038 3825 septimo
1052 3739 1159 3806 seculo
1177 3758 1194 3805 c
1208 3738 1343 3805 mediam
1356 3739 1390 3804 in

245 3832 340 3919 rjam
352 3834 486 3902 vertisse
498 3836 663 3911 videntur;
678 3856 825 3903 sonorum
835 3843 941 3903 autem
953 3837 1193 3923 permutatione,
1206 3856 1286 3922 quae
1295 3838 1389 3902 laut-

245 3932 497 4021 oercclzieduny
513 3934 640 4013 dicitur,
663 3936 697 3999 in
713 3935 758 3999 eis
778 3941 844 4002 tum
863 3937 959 4002 etiam
975 3942 1174 4014 occurrente,
1190 3935 1304 4022 conjici
1319 3933 1388 4002 ideo

277 4216 301 4267 i.
316 4212 444 4275 Schorer,
458 4216 516 4267 Zur
529 4216 680 4268 Gmcttchte
690 4217 737 4268 der
750 4217 890 4269 mucleto
904 4216 1026 4284 sprocte,
1042 4219 1081 4270 98.

274 4293 301 4347 2.
316 4292 433 4354 llrlmm,
451 4295 576 4346 chtoere
591 4293 734 4361 Schriften,
753 4295 786 4360 ll,
810 4298 847 4348 12.
870 4326 899 4336 -
923 4301 961 4349 W.
981 4297 1190 4365 Wackernagel,
1211 4297 1388 4353 Altdcotscltes

242 4369 372 4431 metuet
384 4374 423 4437 (4·
436 4374 491 4437 ed.)
507 4388 534 4439 o.
550 4377 578 4427 19
592 4379 620 4427 et
633 4376 673 4427 20.

274 4454 301 4509 3.
319 4450 361 4505 W.
375 4453 588 4520 Wackernagel,
604 4453 642 4507 id.
658 4456 685 4507 19
699 4458 729 4508 et
741 4456 780 4508 20.

272 4534 300 4589 l.
315 4532 359 4589 W.
374 4532 586 4601 wackemagel,
601 4532 639 4587 id.
653 4535 692 4587 55.
