3276 5482
747 303 905 361 45-

244 417 297 485 vel
319 417 470 483 feminino
491 414 574 481 banc
592 415 799 482 mutationem
817 412 985 482 ostendunt
999 435 1007 492 ;
1023 422 1135 482 contra
1151 417 1184 482 in
1198 414 1313 502 plurali
1326 435 1392 482 nou

245 517 347 583 solum
359 517 393 581 in
408 514 547 593 casibus,
563 515 598 580 in
611 514 725 601 quibus
734 514 802 601 jam
815 514 994 600 antiquitus
1007 515 1127 580 usitata
1140 520 1222 592 erat,
1238 513 1390 600 perstitit,

245 614 300 680 sed
326 615 433 690 etiam,
450 613 672 679 terminatione
694 612 884 678 nominativi
912 612 1046 678 caeteris
1072 613 1197 679 casibus
1222 613 1389 689 attributa,

245 712 443 799 spirantique
465 731 483 778 s
508 716 673 796 praeterea
697 710 840 796 genitivo
866 709 1028 797 adjuncta,
1054 730 1124 776 eam
1142 716 1280 797 quatuor
1299 731 1393 777 casus

244 811 384 897 plurales
399 810 647 876 masculinorum
659 809 946 895 femininorumque
960 809 1187 876 vocabulorum
1209 811 1242 875 in
1257 817 1395 896 quatuor

245 907 508 974 declinationibus
527 913 697 994 usurpant,
723 912 858 992 excepta
878 913 986 973 tamen
1001 907 1136 975 danicae
1149 908 1278 995 linguae
1291 909 1393 996 prima

245 1006 485 1072 declinatione¹.
508 1004 666 1071 Neutrum
687 1011 794 1071 autem
815 1025 853 1071 ea
872 1025 937 1071 non
958 1007 1070 1072 utitur.
1096 1005 1235 1073 Pluralis
1249 1007 1348 1093 igitur
1359 1007 1393 1071 in

245 1103 369 1169 duobus
381 1102 533 1170 Scandiae
547 1102 744 1169 sermonibus
758 1104 805 1169 sic
818 1101 1016 1170 declinatur:

291 1201 323 1289 α)
344 1201 383 1266 lu
397 1200 523 1267 suecica
533 1199 644 1287 lingua
663 1222 670 1266 :

289 1298 444 1366 Themata
456 1317 556 1366 masc.
572 1298 642 1382 fisk
657 1297 792 1385 (piscis),
808 1302 876 1364 stin
891 1295 1027 1385 (filius),
1044 1298 1136 1364 boue
1151 1295 1303 1386 (gallus):

246 1397 277 1465 N
323 1397 458 1482 fiske-r
780 1414 916 1462 scene-r
1240 1395 1373 1460 baino-r

246 1494 277 1558 A
321 1495 456 1579 fiske-r
781 1512 917 1560 scene-r
1239 1493 1374 1558 brino-r

247 1592 274 1657 D
317 1592 451 1676 fiske-r
781 1611 919 1657 scene-r
1243 1589 1381 1656 iidoc-r

247 1690 275 1758 G
317 1689 469 1774 fiske-rs
779 1707 935 1755 smne-rs
1242 1687 1396 1754 bonore

291 1788 444 1852 Themata
457 1788 530 1853 fem.
547 1787 600 1853 sol
614 1782 702 1873 (sol),
720 1785 824 1872 kraft
840 1785 928 1872 (vis),
947 1791 1058 1874 tureyo
1075 1782 1231 1874 (lingua):
1361 1809 1363 1818 ·

248 1884 279 1952 N
325 1885 475 1955 sotor
756 1884 917 1968 kraft-er
1227 1887 1378 1967 iunco-r

248 1984 279 2048 A
323 1982 441 2050 solu-r
751 1981 916 2066 hefte-r
1226 1984 1375 2065 tenuo-r

249 2081 275 2146 D
327 2080 443 2146 soto-r
753 2078 911 2161 Aceste-r
948 2100 953 2112 ·
1230 2083 1381 2165 tureyo-r

249 2177 277 2244 G
325 2178 459 2244 sola-rs
747 2175 928 2260 truste-rs
1229 2181 1398 2262 tuneo-rs

295 2272 326 2361 β)
341 2274 379 2340 ln
391 2275 507 2341 danica
521 2273 633 2361 lingua
1352 2280 1355 2287 '

293 2370 448 2438 'lbemata
462 2392 560 2440 masc.
579 2372 648 2457 fieb
663 2370 797 2458 (piscis),
814 2372 881 2456 fed
896 2370 992 2459 (pes),
1009 2371 1100 2437 tone
1116 2367 1246 2457 (gallus)
1264 2389 1273 2436 ε

250 2469 281 2537 Ν
325 2469 408 2536 fiske
761 2470 914 2555 foede-r
1244 2466 1376 2534 bone-r

250 2569 281 2633 A
324 2567 405 2634 fiske
763 2568 913 2652 sedda-r
1277 2569 1291 2580 '

251 2668 276 2732 D
326 2664 407 2731 fiske
762 2665 915 2748 fetide-r

251 2760 279 2827 G
323 2762 440 2829 fiske-s
760 2761 930 2844 solide-rs
1247 2761 1398 2829 brine-rs

294 2860 448 2925 'lhemata
462 2858 534 2923 iem.
553 2859 658 2942 kraft
674 2857 763 2946 (vis),
779 2865 846 2943 sdy
865 2855 1002 2943 (causa),
1020 2862 1130 2945 tenco
1145 2857 1280 2946 (lingua)
1299 2879 1307 2923 :

251 2953 283 3022 N
328 2957 493 3042 trono-r
789 2959 915 3041 secer
1226 2960 1377 3043 turice-r

251 3055 282 3119 A
326 3055 492 3139 brdftc-r'
790 3057 918 3138 ccicc-r
1229 3057 1378 3138 tusce-r

252 3154 278 3219 D
328 3152 487 3234 oreste-r
791 3153 916 3235 ccicc-r
1227 3153 1378 3237 tuboe-r

253 3248 281 3315 G
330 3249 507 3334 kriste-rs
791 3251 935 3332 ccicc-rs
1227 3252 1391 3334 iunco-rs

294 3347 532 3421 Rhotacismus,
568 3349 603 3410 ut
635 3343 794 3421 videmus,
830 3344 862 3408 iu
888 3343 1159 3410 substantivorum
1187 3343 1401 3410 declinatione

252 3451 376 3511 tantum
389 3445 422 3509 in
436 3445 545 3530 paucis
560 3442 759 3508 sermonibus
771 3442 963 3527 germanicis
973 3444 1149 3528 reperitur;
1166 3451 1279 3510 contra
1293 3443 1401 3530 adjec-

254 3543 310 3609 tivi
323 3550 355 3608 et
367 3542 563 3628 pronominis
576 3539 746 3606 declinatio
759 3540 793 3604 in
807 3539 952 3604 omnibus
968 3559 1040 3605 eum
1055 3546 1201 3624 usurpat.

598 3713 635 3780 2⁰
658 3710 833 3796 Ads'eetioi
847 3712 1049 3780 declinatio.

297 3841 405 3908 Fortis
418 3847 449 3905 et
462 3839 573 3905 debilis
586 3838 767 3912 declinatio,
785 3844 931 3922 utsupra
946 3836 1026 3915 dini,
1043 3836 1250 3923 distinguitur
1263 3858 1271 3916 ;
1294 3836 1350 3903 sed
1368 3836 1403 3903 in

254 3937 325 4015 bac,
353 3957 452 4024 quum
476 3957 494 4002 s
519 3943 697 4003 extremam
723 3955 833 4000 omnes
858 3936 1072 4020 germanicae,
1097 3934 1226 4021 gothica
1252 3941 1399 4021 excepta,

254 4033 381 4101 dialecti
396 4034 574 4122 rejecerint,
592 4033 715 4100 nullum
729 4032 913 4099 rhotacismi
928 4032 1107 4118 exemplum
1121 4033 1274 4119 praebere
1283 4040 1400 4119 potest,

114 4153 115 4156 ’
254 4133 353 4219 igitur
367 4140 491 4200 tantum
504 4133 543 4199 de
556 4133 612 4200 illa
626 4132 792 4199 disseram.
808 4131 1102 4217 Adjectivumiorte
1112 4130 1144 4196 in
1154 4130 1281 4216 gothica
1292 4132 1402 4217 lingua

256 4233 302 4299 sic
314 4231 503 4302 declinatur.
520 4231 638 4297 Thema
655 4230 755 4297 blind
770 4228 913 4317 (caecus)
928 4250 935 4296 :

289 4455 310 4506 l.
327 4453 441 4511 Grimm,
461 4451 586 4509 Dcutscbe
600 4452 772 4514 Grammatils,
786 4451 836 4513 112,
850 4454 904 4511 629,
921 4452 975 4503 033.
