3276 5482
742 375 900 434 ..42-

463 493 514 556 est
946 505 1009 553 scr.
1050 483 1130 560 usti,
1147 504 1198 572 gr.
1215 483 1274 547 tort

462 585 659 676 coepimus)
948 604 999 671 gr.
1048 585 1164 666 ἕσπερος

287 682 366 751 Post
379 702 489 752 omnes
502 690 724 763 consonantes,
740 682 875 751 tremula
896 702 918 748 r
937 687 1084 768 excepta,
1106 700 1124 748 s
1146 679 1250 747 media
1264 702 1389 769 quoque

242 787 377 870 perstat,
401 787 468 850 ut:
498 783 638 858 celeus,
670 783 820 867 ful-sus,
843 782 1002 854 derasus,
1027 779 1182 866 promsi,
1208 799 1386 867 pres-sus,

238 879 386 966 pres-si,
403 879 562 966 scripsi,
578 880 724 966 serp-m,
739 883 802 946 etc.
1206 937 1221 964 ,

288 977 372 1044 Ante
384 994 517 1044 sonoras
532 983 640 1044 autem
653 995 671 1043 s
684 974 787 1044 media
799 975 929 1056 excidit,
946 974 1152 1054 assimilatur,
1166 975 1219 1042 rel
1233 981 1385 1043 mutatur.

288 1073 371 1140 Ante
384 1074 410 1140 d
423 1072 610 1161 plerumque
622 1094 640 1141 s
653 1072 783 1154 excidit,
799 1078 836 1139 ut
852 1095 859 1139 :

465 1172 577 1238 i-dem
949 1189 1009 1256 pro
1052 1168 1203 1236 *is-olem

464 1269 597 1351 jac-dec
1052 1265 1221 1353 *J'us-decc

465 1367 628 1434 tro-duco
942 1364 1038 1452 juxta
1062 1366 1277 1432 trans-duco

245 1462 307 1530 Sed
319 1469 439 1551 perstat
452 1463 486 1530 in
499 1463 626 1531 casibus
639 1461 774 1550 obliquis
788 1468 824 1530 ut
837 1463 1026 1548 afim-dent,
1042 1462 1247 1548 cujus-dam
1261 1486 1270 1528 .·

288 1561 374 1630 Ante
387 1559 408 1628 b
421 1579 547 1648 quoque
560 1580 578 1629 s
593 1559 722 1641 excidit,
736 1566 773 1627 ut
788 1581 796 1626 :

465 1658 650 1727 terte-bruc
953 1677 1011 1745 pro
1038 1656 1271 1724 *tenes-brae.
1320 1737 1324 1745 ¹

289 1759 374 1827 Ante
394 1759 407 1825 t
425 1758 522 1826 etiam
541 1779 559 1826 s
577 1758 679 1827 effluit
692 1759 727 1825 in
741 1758 989 1844 corpu-lentus
1010 1775 1068 1843 pro
1090 1756 1387 1843 *corpus-lentus.

289 1855 375 1922 Ante
387 1875 424 1923 m
439 1857 606 1944 aliquoties
620 1876 638 1924 s
652 1855 781 1935 excidit,
799 1855 883 1922 utin

288 1959 410 2022 remus
498 1954 725 2043 pro*resmus
815 1952 856 2019 ci.
874 1951 1098 2019 tri-resersus
1185 1951 1254 2020 Col.
1271 1960 1351 2021 rost.

245 2087 289 2103 -
302 2050 387 2140 quod
400 2072 457 2139 pro
472 2051 643 2119 *ret-mus
657 2058 717 2129 est,
737 2050 790 2138 (ci.
809 2069 860 2136 gr.
878 2049 1051 2133 ὲ-ρετ-μός),
1066 2055 1215 2136 -atque
1233 2052 1268 2118 in

293 2152 469 2220 (la-meam
483 2167 541 2238 pro
557 2151 753 2218 Cas-meno
768 2148 868 2216 Varr.
882 2148 957 2225 Vll,
972 2148 1005 2227 9,
1021 2170 1050 2215 r.
1063 2168 1126 2216 scr.
1139 2167 1201 2230 cas
1217 2148 1387 2239 (narrare).

293 2249 378 2317 Ante
393 2269 419 2315 n
432 2250 527 2316 etiam
541 2267 558 2316 s
573 2266 805 2333 nonnunquam
818 2244 932 2326 effluit,
947 2248 1031 2314 utin

378 2351 486 2416 ce-rta
708 2344 749 2413 cf.
780 2345 866 2411 umb.
897 2364 1019 2425 ces-otc

376 2445 497 2530 pe'etis
781 2461 845 2510 scr.
888 2460 1029 2529 pat-as,
1048 2460 1098 2531 gr.
1114 2441 1341 2520 stercuto-0,

373 2546 488 2629 qod-oto
704 2560 764 2629 pro
893 2558 1024 2626 pos-reo

288 2640 327 2707 In
336 2657 461 2726 pennu
474 2644 580 2707 autem
593 2657 652 2728 pro
661 2656 806 2725 pes-rea,
824 2658 936 2725 oquae
955 2657 974 2705 o
992 2639 1119 2706 toritur
1133 2635 1189 2726 (ci.
1201 2646 1391 2726 prae-pet·

247 2755 285 2805 es
300 2738 400 2816 [Fest.
419 2747 520 2824 aves],
536 2756 587 2824 gr.
606 2739 757 2816 πὲτ-ομαι,
773 2742 852 2803 teut.
869 2735 1047 2825 stet-cru),
1069 2755 1095 2802 n
1110 2735 1215 2803 nasali
1233 2736 1392 2804 assimila·

246 2832 336 2903 tur¹.

289 2931 352 3001 Sed
378 2937 455 3002 ante
475 2953 524 3009 ut,
547 2933 631 3000 sicut
649 2938 724 3001 ante
746 2952 784 3009 a,
814 2938 910 3021 atque
929 2931 1014 3000 inter
1033 2931 1159 2999 vocales
1184 2930 1237 2999 val
1260 2939 1331 3019 post
1355 2953 1388 3010 r,

245 3033 372 3118 spirans
394 3050 413 3099 s
433 3032 467 3098 in
488 3032 657 3099 tremulam
679 3050 700 3095 r
720 3050 870 3119 persaepe
883 3032 1010 3097 transit.
1037 3030 1127 3097 Haec
1140 3031 1277 3097 mutatio
1290 3031 1392 3118 jama

244 3126 356 3195 latinis
380 3130 588 3217 scriptoribus
617 3134 727 3196 notata
754 3129 817 3194 fuit
846 3147 854 3193 :
885 3152 903 3188 α
931 3128 969 3194 ln
991 3129 1101 3195 multis
1128 3127 1250 3208 vorbis,
1288 3130 1392 3216 inquit

245 3223 354 3294 Varro
373 3224 400 3305 ²,
430 3228 605 3315 inquibus
632 3226 757 3312 antiqui
784 3225 930 3292 dicebant
961 3244 991 3305 s,
1024 3231 1133 3312 postea
1161 3225 1280 3293 dictum
1306 3246 1339 3291 r.
1372 3252 1391 3287 »

247 3360 289 3375 -
305 3348 323 3384 s
338 3325 579 3394 Sfamiliariter
596 3325 631 3391 in
648 3344 669 3388 r
686 3323 814 3400 transit,
832 3347 850 3383 »
870 3322 1053 3389 declarabat
1074 3321 1180 3390 0000
1202 3324 1295 3390 annis
1317 3344 1393 3410 pos-

245 3422 344 3488 terius
356 3422 469 3490 Velius
485 3423 615 3510 longus
625 3428 649 3487 ³.
677 3422 787 3490 Cicero
808 3439 934 3506 quoque
949 3439 1065 3486 nomen
1086 3419 1281 3506 Papirium
1303 3423 1392 3507 prius
1500 3470 1502 3475 s

245 3519 435 3605 Papisium
447 3540 516 3586 osse
530 3519 650 3586 dictum
664 3518 829 3586 affirmat⁴.
847 3519 970 3596 Festus,
987 3524 1117 3585 auctore
1130 3517 1247 3585 Verrio
1261 3517 1388 3596 Flacco,

248 3617 415 3685 Aurelios
437 3619 572 3706 primum
587 3618 748 3684 Ausetios
760 3622 891 3683 vocatos
907 3635 976 3682 esse
990 3613 1164 3683 declarat⁶.
1189 3616 1280 3682 Livio
1297 3617 1393 3683 etiam

247 3733 311 3780 non
325 3716 403 3782 satis
416 3717 584 3803 probatum
598 3720 668 3781 erat
680 3734 724 3781 an
738 3714 891 3781 Veturius
900 3712 1063 3793 Geminus,
1078 3714 1133 3800 qui
1145 3715 1238 3782 annis
1248 3713 1392 3782 CCLXH

282 3961 303 4015 t.
318 3959 492 4026 schleicher,
507 3960 545 4014 id.
559 3961 615 4016 tto.

279 4043 303 4094 a.
317 4044 359 4095 ne
370 4042 465 4107 sewun
479 4041 573 4100 utem,
589 4039 647 4105 vn,
660 4041 701 4095 aa.

279 4125 303 4176 ³.
318 4125 406 4176 Grum-
421 4125 526 4184 veteres,
543 4121 570 4174 P.
586 4122 656 4174 2239.
677 4119 931 4188 murmurosa:
949 4136 961 4167 ι
977 4118 1071 4172 Fartus
1084 4129 1200 4186 quoque
1219 4130 1279 4173 non
1295 4120 1390 4186 ferma,

249 4201 386 4272 quonism
400 4202 476 4269 apud
492 4199 626 4269 antiquos
637 4201 721 4268 smtce
733 4213 793 4255 non
804 4203 890 4268 saeue
900 4199 993 4254 dictae
1004 4203 1073 4253 eunt
1083 4214 1112 4263 »3
1128 4205 1199 4264 etp.
1213 4200 1277 4253 ‘2238
1292 4219 1299 4251 ι
1318 4200 1393 4254 «lta-

249 4296 306 4350 que
320 4284 452 4336 amenum
465 4281 573 4348 justius
587 4281 653 4350 quic
668 4279 782 4343 dixerit,
798 4279 935 4349 quoniam
949 4279 1026 4345 apud
1042 4279 1175 4346 antiquos
1188 4281 1284 4346 susem
1297 4284 1391 4334 erat·

280 4363 304 4416 t.
318 4365 398 4429 aaut
411 4363 568 4430 famacres,
582 4360 626 4426 lt,
637 4363 663 4415 at
678 4382 684 4413 ι
699 4381 713 4407 «
724 4360 802 4414 Tunc
818 4359 913 4427 (annis
927 4362 990 4428 post
1003 4357 1122 4413 Romam
1137 4358 1281 4414 conditam
1294 4361 1394 4426 cooxu)

251 4446 352 4511 Puptett
364 4441 545 4498 dicebamini.
556 4463 570 4489 ι

281 4529 305 4579 5.
321 4524 421 4578 Festus
435 4536 458 4577 s.
473 4538 499 4578 v.
514 4520 673 4577 Aurelium.
688 4520 725 4576 Gt.
741 4521 838 4589 nger,
856 4523 890 4574 ll.
910 4523 993 4574 Verrtt
1007 4519 1100 4574 Ftocot
1111 4519 1271 4587 fraumenta.
