3276 5482
570 859 710 932 CAPUT
738 822 977 930 SECUNDUM.

206 1176 249 1226 DE
263 1174 469 1225 mauriciano
488 1173 523 1224 IN
539 1172 856 1224 Hammoniacum
870 1174 980 1232 ATQUE
997 1175 1032 1226 ΙΝ
1045 1173 1190 1227 ROMANIS
1206 1176 1347 1227 intumo.

250 1353 289 1420 ln
301 1353 424 1419 cunetis
436 1351 551 1418 italicis
564 1357 660 1438 atque
671 1352 811 1419 romanis
821 1350 963 1417 dialectis
972 1352 1097 1439 spirans
1105 1370 1134 1432 s,
1146 1371 1244 1439 quum
1256 1371 1353 1419 voca-

206 1453 353 1519 bulorum
366 1449 551 1537 principalis
565 1455 614 1516 est
627 1454 724 1537 atque
735 1448 919 1536 singillatim
929 1455 1103 1536 usurpatur
1112 1455 1134 1528 ¹,
1149 1454 1282 1537 perstat,
1293 1454 1349 1517 ut:

206 1570 269 1617 sor.
286 1552 417 1633 soptan
491 1546 549 1612 lat.
565 1551 700 1632 septem
760 1547 795 1613 it.
812 1551 900 1613 setis
961 1547 1043 1631 hisp.
1062 1547 1141 1612 siete
1203 1546 1245 1611 ir.
1261 1550 1349 1631 sept.

250 1648 401 1732 Attamen
417 1664 435 1711 s
449 1643 634 1731 principalis
657 1646 690 1710 in
709 1645 851 1711 romanis
872 1644 1003 1731 linguis,
1026 1642 1101 1710 rano
1120 1649 1239 1720 tamen,
1265 1644 1299 1708 in
1317 1641 1350 1716 ὁ,

206 1734 231 1823 3,
250 1749 294 1818 ts,
310 1744 337 1817 θ,
351 1743 470 1824 aiverti
483 1747 605 1828 potest;
622 1742 677 1808 sed
689 1762 855 1828 nunquam
874 1744 907 1809 in
925 1741 991 1810 ullo
1004 1743 1152 1810 idiomate
1164 1741 1199 1808 in
1212 1760 1246 1819 r,
1260 1747 1354 1808 inan-

208 1845 262 1920 sit,
277 1847 334 1908 ut:

207 1941 265 2008 lat.
283 1937 447 2024 *simplum
476 1940 512 2006 it.
527 1940 682 2025 soempio
711 1937 793 2025 hisp.
814 1940 924 2027 simple
947 1958 996 2026 pr.
1014 1938 1126 2025 simple
1150 1935 1227 2026 gall.
1242 1935 1355 2025 simple

302 2036 431 2103 sufflare
523 2038 689 2122 aufolore
760 2037 894 2123 elisios
943 2056 992 2123 pn.
1010 2036 1152 2122 elutior
1225 2032 1355 2102 soufflor

302 2134 433 2202 surdum
523 2131 619 2201 sordo
761 2135 876 2202 surdo
947 2154 1001 2222 pg.
1017 2133 1115 2201 surdo
1258 2133 1355 2201 sourd

303 2252 456 2319 saponem
523 2251 642 2317 sapone
757 2231 876 2299 esebon
948 2252 1001 2320 pg.
1019 2231 1116 2297 sabao
1143 2225 1354 2306 savon,eto.²

252 2331 355 2418 igitur
367 2350 601 2417 supervacuum
614 2335 663 2396 est
672 2331 705 2396 in
714 2330 898 2397 rhotacismi
908 2330 1121 2416 inquisitione,
1133 2348 1228 2414 quam
1238 2348 1355 2416 aggoe-

209 2429 290 2506 ‹lior‚
307 2428 347 2493 de
361 2447 379 2494 s
392 2427 560 2513 principali
576 2426 746 2504 disserere3
771 2434 867 2513 atque
881 2429 957 2494 satis
974 2429 1035 2493 erit
1050 2425 1255 2514 perpendero,
1273 2446 1353 2514 quas

209 2526 401 2592 mutationes
417 2526 452 2590 in
466 2524 577 2590 mediis
591 2524 644 2590 vel
656 2528 807 2591 extremis
817 2523 1068 2592 vocabulishaeo
1078 2525 1189 2592 littora
1198 2524 1351 2610 patiatur.

209 2626 274 2690 llas
296 2624 469 2710 separatim
493 2623 527 2688 in
545 2622 660 2703 latina,
685 2643 759 2690 osea
782 2628 879 2711 atque
897 2623 1040 2691 umbrica
1062 2622 1208 2701 dialecto,
1229 2621 1303 2688 dein
1320 2622 1354 2688 in

209 2721 349 2788 romanis
364 2720 482 2808 linguis
496 2740 680 2807 persequar.

463 2974 507 3024 os
529 2973 737 3024 anonumsuo
759 2974 794 3023 iu
817 2971 940 3022 ianua
962 2971 1099 3023 niueos.

254 3152 445 3240 Singulatim
465 3151 690 3239 inquirendum
709 3152 846 3239 estquis
865 3153 899 3219 in
917 3151 1027 3219 mediis
1046 3158 1142 3240 atque
1155 3152 1189 3218 in
1202 3152 1354 3220 extremis

209 3253 340 3320 vocibus
354 3271 423 3318 esse
434 3252 544 3339 possit.

416 3402 442 3469 1.
468 3402 717 3472 Riotuoismus
740 3404 779 3469 in
802 3401 929 3469 mediis
951 3400 1143 3470 uocabulis.

254 3554 340 3624 Ante
353 3552 467 3622 surdas
482 3561 694 3622 consonantes
708 3574 726 3621 s
739 3552 842 3622 media
855 3574 979 3643 semper
989 3559 1125 3642 perstat,
1141 3557 1178 3622 ut
1195 3575 1202 3619 :

426 3652 542 3739 piscis
917 3657 983 3739 got.
1021 3649 1126 3737 fist-s

244 3900 264 3951 l.
281 3897 392 3951 Etenim
405 3896 436 3950 in
450 3896 703 3964 conjunctionibus
715 3909 764 3961 sm,
779 3911 818 3957 ss,
833 3910 869 3958 εν,
882 3911 894 3950 s
908 3908 1023 3965 semper
1036 3895 1150 3962 excidit,
1166 3895 1237 3953 solis
1249 3909 1286 3960 m,
1299 3910 1358 3962 aar

210 3977 414 4045 perstantibus,
431 3982 484 4031 ut:

279 4059 328 4112 lat.
344 4062 401 4123 ais,
416 4063 486 4112 nivis
548 4071 599 4127 pro
614 4060 705 4127 ‘eulpa
721 4059 845 4124 ‘saue-ts
907 4057 949 4112 lit.
964 4067 1059 4124 anepos
1121 4060 1177 4127 got
1193 4061 1283 4112 motos

211 4151 353 4207 iquoquo
370 4143 436 4195 anta
449 4139 508 4208 sin

535 4201 640 4270 saum.
669 4202 765 4269 uno.
809 4201 915 4268 noem,
938 4202 1011 4269 {tues

537 4285 657 4351 σφάλλειν,
674 4283 799 4349 σφενδόνη,
812 4283 922 4350 σφόγγος,
938 4285 1010 4351 opita

212 4363 336 4417 effluxit.
351 4391 381 4402 -
396 4363 433 4418 ul.
448 4362 620 4425 Sohleioher,
635 4362 672 4417 id.
689 4365 744 4416 252.

243 4447 267 4496 2.
283 4444 320 4498 Gi.
335 4445 408 4509 Dian,
424 4446 586 4498 Grammatil
601 4445 648 4499 der
660 4444 843 4500 romanisclteu
858 4443 1001 4514 Sprooheo,
1019 4443 1055 4504 1⁸,
1069 4443 1123 4503 asi.
1141 4443 1250 4516 vilmar
1263 4455 1280 4500 a
1293 4442 1355 4500 sitt-

214 4523 271 4576 zore
284 4524 384 4579 oritur.
